1873 2804
900 70 944 102 25

542 161 575 198 A
1186 161 1218 199 Β
1234 160 1299 210 (C)

176 229 262 274 231,
293 229 339 264 13
428 226 670 266 transissetis
1061 226 1266 266 transisset
1293 226 1326 264 is

178 296 266 341 279,
292 294 405 340 24s25
432 304 513 331 non
542 295 603 331 est
630 293 843 332 vitavimus
1060 304 1141 331 non
1169 292 1407 330 evitavimus

177 361 262 405 289,
295 362 340 395 17
430 370 584 408 percus.
1059 369 1271 407 percussus

183 427 269 467 339,
299 428 345 461 12
437 427 548 463 coeat
1061 426 1180 472 cogat

176 504 241 543 Ad
270 505 443 554 primum
470 506 583 543 enim
603 507 865 554 conspectum
894 507 1063 554 apparet
1090 504 1186 542 locis
1210 508 1268 551 77,
1297 508 1337 550 33
1374 508 1459 551 289,
1490 508 1554 550 17;
1583 508 1668 551 339,

178 574 223 609 12
251 570 349 609 nihil
376 571 491 616 effici,
519 583 608 610 cum
638 571 690 609 ibi
720 570 899 609 codicem
926 570 963 608 A
990 570 1145 608 mendis
1174 570 1358 609 laborare
1387 573 1568 620 apertum
1606 571 1669 608 sit.

172 638 310 688 Neque
345 638 533 676 lectiones
567 651 605 687 p.
639 651 675 687 p.
706 641 766 684 33,
797 641 835 683 13
876 641 960 684 117,
989 641 1028 683 33
1065 641 1150 684 141,
1178 640 1217 684 8;
1257 641 1341 683 159,
1370 641 1392 674 9
1420 637 1509 686 plus
1536 637 1669 676 valent

170 704 223 743 ad
264 704 447 743 codicum
484 705 515 743 B
547 707 586 743 et
622 704 653 743 C
687 701 967 752 cognationem
995 703 1354 754 comprobandam.
1411 704 1664 743 Perscruta1·e

170 771 300 817 locos,
345 770 413 808 ubi
451 773 521 808 aut
552 770 604 816 A,
644 773 712 808 aut
746 770 797 816 B,
841 772 908 808 aut
947 769 977 808 C
1014 773 1154 808 contra
1188 772 1341 808 ceteros
1376 770 1479 808 duos
1509 770 1667 810 codices

172 847 311 875 veram
339 835 548 875 lectionem
576 835 803 884 servavit·¹)‚
826 835 907 874 iam
927 834 1081 874 videbis
1099 835 1245 874 multos
1272 835 1383 874 locos
1402 838 1571 882 exstare,
1600 835 1669 873 ubi

170 901 210 939 in
237 901 396 939 duobus
410 901 521 939 libris
546 901 700 939 litterae
727 902 769 949 ‚i‘
796 903 835 939 et
861 903 906 949 ‚e‘
935 904 1003 939 aut
1031 902 1084 949 ‚u‘
1111 904 1150 939 et
1176 902 1225 949 ,o‘
1253 901 1550 939 confundantur
1577 913 1667 939 cum

170 967 211 1014 in
239 967 354 1007 tertio
382 967 520 1006 codice
546 966 773 1006 desiderata
799 966 928 1005 littera
957 969 1152 1017 appareat
1168 967 1215 1015 2).

271 1049 453 1098 Denique
478 1049 512 1086 si
539 1049 628 1098 quis
656 1048 797 1087 ceteris
825 1049 1001 1098 quinque
1028 1049 1126 1087 locis
1153 1049 1304 1098 aliquid
1333 1049 1518 1088 concludi
1547 1062 1669 1098 posse

171 1117 295 1165 putet,
324 1114 562 1153 examinatis
589 1114 636 1153 iis
663 1114 761 1153 locis
789 1114 858 1153 ubi
885 1114 920 1153 A
949 1117 987 1153 et
1016 1114 1046 1153 C
1075 1116 1215 1153 contra
1243 1115 1274 1153 B
1300 1114 1550 1164 conspirant,
1579 1115 1669 1153 dico

169 1185 256 1227 348,
285 1185 325 1227 93
366 1185 453 1228 317,
482 1185 548 1227 26;
590 1185 684 1228 372,
720 1185 781 1227 22,
821 1182 1014 1220 concedet
1037 1181 1180 1220 eodem
1207 1182 1329 1220 modo
1357 1181 1482 1220 libros
1510 1182 1544 1220 A
1574 1185 1612 1220 et
1640 1181 1670 1220 C

171 1247 249 1286 hoc
277 1246 531 1296 cognationis
558 1246 718 1285 vinculo
747 1247 849 1285 inter
875 1258 919 1285 se
946 1243 1184 1285 coniunctos
1212 1259 1300 1285 esse
1327 1247 1568 1285 contendere
1596 1260 1670 1285 no-

171 1314 233 1353 bis
261 1314 391 1353 licere.

274 1396 454 1435 Vidimus
482 1398 672 1445 quattuor
700 1396 813 1434 locis:
845 1399 930 1443 180,
959 1399 1088 1442 241253
1118 1399 1203 1442 219,
1226 1399 1290 1442 12;
1319 1399 1405 1443 370,
1428 1400 1493 1441 11;
1521 1399 1608 1442 440,
1624 1399 1669 1433 15

175 1465 207 1500 A
237 1465 276 1500 et
303 1462 334 1501 Β
363 1462 594 1511 conspirare
622 1464 763 1500 contra
791 1462 841 1511 C3
868 1474 966 1500 num
994 1462 1084 1511 quis
1108 1461 1201 1500 inde
1219 1461 1433 1500 concludet
1460 1462 1535 1499 hos
1563 1462 1666 1500 duos

176 1528 332 1566 codices
359 1540 407 1566 ex
434 1528 577 1566 eodem
603 1528 819 1576 exemplari
846 1527 1068 1576 descriptos
1096 1530 1208 1566 esse?

277 1609 443 1648 Accedit
470 1610 600 1659 quod,
644 1621 735 1648 cum
777 1609 818 1648 in
850 1621 975 1659 parva
1008 1609 1346 1648 declamationum
1387 1613 1525 1660 parte,
1568 1610 1670 1648 inter

176 1679 366 1726 quattuor
392 1676 503 1715 locos
522 1679 567 1725 ³),
595 1676 742 1725 quibus
770 1688 818 1714 ex
845 1676 987 1714 Ritteri
1016 1676 1148 1714 verbis
1175 1676 1206 1714 B
1233 1678 1272 1714 et
1297 1676 1326 1715 C
1355 1679 1496 1715 contra
1515 1676 1551 1715 A
1570 1688 1667 1715 con-

171 1742 355 1790 sentiant,
385 1742 466 1780 duo
493 1744 659 1788 exstent,
688 1742 758 1780 ubi
788 1754 830 1780 re
857 1753 952 1781 vera
980 1743 1146 1789 distant,
1174 1754 1248 1780 suo
1277 1743 1449 1792 quisque
1469 1743 1508 1781 in
1529 1755 1571 1781 re
1589 1743 1668 1781 du-

174 1807 326 1854 bitabit,
354 1820 448 1845 num
478 1808 644 1852 Rittero,
673 1808 783 1857 quod
810 1808 873 1846 his
901 1807 1116 1847 duodecim
1140 1808 1239 1846 locis
1267 1809 1298 1846 B
1327 1811 1365 1846 et
1387 1808 1417 1846 C
1447 1821 1665 1857 congruere

175 1874 281 1922 dicit,
308 1874 407 1913 fides
426 1874 610 1913 habenda
630 1875 692 1913 sit.

275 1956 363 1994 Jam
392 1956 489 1994 satis
517 1968 716 2005 superque
744 1968 792 1995 ex
819 1956 879 2003 iis,
908 1968 1011 2005 quae
1038 1957 1131 2003 dixi,
1159 1960 1329 2006 apparet
1359 1957 1499 1995 Ritteri
1523 1958 1670 1996 codicis

175 2022 206 2061 C
232 2022 548 2061 aestimationem
579 2022 722 2062 falsam
748 2035 847 2061 esse.
885 2023 987 2062 Nam
1007 2035 1270 2073 quaecunque
1298 2023 1347 2062 de
1374 2035 1422 2062 eo
1450 2023 1562 2071 dicit,
1591 2024 1671 2063 lec-

174 2088 369 2136 tionibus,
411 2101 511 2138 quas
540 2088 627 2139 ipse
653 2089 836 2138 protulit,
877 2089 1158 2139 infringuntur.
1215 2089 1386 2129 Collatio
1419 2102 1515 2129 vero
1542 2091 1668 2141 partis

174 2154 322 2194 codicis
347 2155 397 2202 C,
441 2167 565 2205 quam
591 2155 721 2194 Ritter
746 2155 958 2195 nobiscum
986 2156 1315 2204 communicavit,
1345 2168 1526 2196 errorum
1553 2157 1673 2206 plena

298 2288 323 2328 ¹)
347 2287 395 2320 Cf.
417 2288 450 2320 h.
473 2298 594 2320 comm.
616 2298 669 2330 pp.
693 2288 750 2327 19;
772 2288 831 2326 2Ο;
852 2288 911 2320 21:
933 2288 983 2320 22.

295 2343 317 2375 ἣ
340 2343 388 2375 Cf.
409 2353 497 2384 quae
517 2343 556 2375 R.
580 2346 720 2375 annotat
741 2343 784 2375 ad
805 2344 855 2375 ed.
879 2343 982 2384 praef.
1003 2354 1034 2385 p.
1057 2344 1160 2376 XXVI
1182 2348 1215 2376 et
1238 2355 1268 2385 p.
1289 2345 1418 2376 XXVII.

299 2400 323 2441 ⁸)
345 2399 502 2441 Quinque
553 2400 642 2433 enim
687 2409 803 2432 eorum
838 2400 989 2432 locorum
1002 2424 1010 2438 ‚
1057 2408 1141 2441 quos
1188 2401 1221 2432 h.
1267 2410 1387 2432 comm.
1430 2411 1462 2442 p.
1502 2401 1540 2432 18
1586 2410 1672 2432 com-

173 2456 358 2488 memoravi
386 2455 423 2487 in
444 2455 603 2488 omnibus
624 2455 719 2487 libris
752 2455 869 2487 eodem
905 2456 1007 2488 modo
1042 2457 1189 2497 corrupti
1223 2460 1317 2489 sunt:
1349 2456 1398 2495 34,
1429 2456 1498 2495 8s9;
1541 2457 1591 2494 90,
1615 2458 1672 2495 12;

171 2512 221 2551 95,
242 2512 312 2553 4]6;
356 2511 426 2550 102,
448 2511 557 2551 15[’16;
601 2511 670 2550 110,
693 2510 741 2543 14.
790 2510 826 2543 Ρ.
857 2512 908 2550 32,
940 2512 981 2544 26
1002 2514 1035 2544 et
1056 2522 1087 2553 p.
1111 2512 1160 2551 89,
1185 2513 1224 2544 14
1246 2512 1300 2552 (cf.
1333 2513 1366 2545 h.
1402 2522 1523 2545 comm.
1551 2523 1582 2554 p.
1618 2512 1670 2553 19)

174 2567 390 2602 consentiunt
409 2568 437 2601 B
460 2571 492 2601 et
513 2567 548 2606 C,
569 2578 645 2600 cum
669 2568 698 2600 A
719 2567 903 2608 discrepem
947 2578 978 2609 p.
1007 2567 1057 2607 32,
1077 2568 1118 2600 24
1137 2572 1250 2601 autem
1273 2572 1305 2601 et
1327 2579 1358 2610 p.
1380 2568 1431 2608 89,
1461 2568 1503 2600 22
1538 2569 1564 2600 Β
1595 2572 1627 2601 et
1648 2569 1672 2600 C

174 2635 245 2658 non
266 2634 449 2666 congruere
470 2625 502 2656 h.
525 2634 646 2657 comm.
667 2635 698 2665 p.
723 2623 761 2656 18
783 2624 938 2656 vidimus.
