1873 2804
918 76 940 110 7

184 167 277 214 Alia
300 166 435 217 igitur¹
445 167 693 211 -tesu'monia¹¹
705 167 937 217 quaerenda
963 169 1069 213 sunt,
1096 178 1145 205 ex
1172 166 1332 215 quibus,
1377 178 1457 215 quo
1495 169 1675 217 tempore

191 233 512 284 compositae,a
532 245 615 283 quo
642 232 896 283 conscriptae
921 232 1000 277 sint
1022 234 1232 283 appareat.

286 300 347 343 Ac
384 298 559 350 primum
599 299 761 350 quidem
804 301 975 349 constat,
1019 298 1075 338 ita
1119 310 1188 339 eas
1231 310 1319 338 esse
1361 299 1532 349 scriptas
1556 302 1678 350 atque

185 366 325 416 editas,
368 369 413 421 ut
454 378 526 416 per
563 366 817 406 occasionem
850 378 875 405 a
911 365 1105 416 magistro
1145 366 1187 405 in
1223 365 1363 406 schola
1402 365 1561 405 habitae
1587 366 1677 405 sint.

187 432 297 471 Ordo
324 432 431 477 enim
464 432 503 473 in
544 432 807 482 disponendis
848 432 1207 473 declamationibus
1244 435 1305 471 est
1341 432 1486 472 nullus.
1538 432 1587 471 Et
1628 444 1679 471 ne

147 524 149 526 v
186 499 309 542 verba
335 498 512 549 quidem,
553 510 658 549 quae
690 511 715 538 a
742 498 901 538 rhetore
926 498 1151 549 explicandi
1187 512 1311 538 causa
1337 498 1540 538 nonnullis
1582 498 1679 537 locis

184 564 396 608 interiecta,
418 567 543 612 erant,
579 576 774 614 oppressa
798 567 905 612 sunt,
929 565 1041 604 velut
1065 564 1106 603 in
1134 578 1171 614 p.
1198 567 1365 611 232,“,13
1398 576 1487 615 sqq.
1515 564 1679 613 legitur:

184 631 245 680 ,Si
272 644 350 682 qua
378 635 502 679 erunt,
530 644 628 682 quae
655 644 681 669 α
706 643 766 670 me
793 632 834 670 in
860 630 1114 670 divisionibus
1155 624 1506 670 controversiarum
1543 630 1679 669 dican-

190 703 255 735 tur
282 697 415 736 eadem
439 697 698 748 frequentius,
724 697 930 748 intelleqite
952 697 1043 747 fieri
1070 698 1250 748 primum
1285 702 1451 747 propter
1491 698 1682 735 interven-

185 768 264 802 tum
293 775 478 801 novorum
489 777 505 811 ,·
537 762 678 802 deinde
696 767 861 814 propter
886 763 1148 802 condicionem
1176 762 1462 813 divisionumsffi]
1488 762 1678 802 Pluribus

187 828 318 869 verbis
343 828 419 868 hac
447 828 497 868 de
521 841 564 868 re
590 828 796 880 disputare
823 828 1078 880 supersedeo,
1123 841 1213 868 cum
1257 831 1296 867 et
1338 829 1467 868 Ritter
1484 868 1486 871 ,
1504 831 1544 868 et
1576 829 1678 868 Tra-

187 895 375 934 bandtius
402 896 505 934 inter
531 907 574 934 se
601 896 897 935 consentientes
917 896 1163 944 argumentis
1191 907 1280 934 eam
1308 895 1567 945 probaverint
1581 895 1621 945 ¹).

287 960 504 1001 Contendit
530 963 665 1002 autem
691 961 820 1001 Ritter
839 963 885 1007 ²³),
928 974 1017 1000 cum
1055 961 1196 1000 harum
1226 961 1564 1000 declamationum
1590 961 1679 1001 the-

185 1030 306 1075 mata,
334 1029 378 1066 ut
414 1027 491 1066 hoc
533 1028 656 1066 verbo
684 1027 918 1074 Quintiliani
946 1031 1047 1074 utar,
1083 1040 1165 1065 non
1199 1027 1330 1066 solum
1370 1027 1410 1065 in
1449 1027 1678 1065 universum

186 1093 291 1132 vitae
317 1093 473 1134 veritati
501 1092 783 1142 respondeant,
809 1093 881 1132 sed
908 1093 1030 1131 etiam
1056 1093 1249 1131 nonnulla
1293 1104 1432 1132 eorum
1473 1095 1544 1133 aut
1569 1092 1680 1131 simi-

184 1160 237 1198 lia
265 1162 335 1199 aut
361 1159 500 1198 eadem
528 1159 619 1207 sint,
648 1171 752 1209 quae
779 1159 820 1198 in
847 1159 971 1198 instit.
998 1162 1097 1198 orat.
1126 1159 1297 1209 exempli
1324 1171 1448 1198 causa
1480 1159 1677 1199 interdum

186 1225 435 1275 attingantur
461 1228 500 1264 et
527 1225 762 1275 praesertim
788 1226 881 1264 cum
909 1225 1018 1264 haud
1053 1237 1156 1272 raro,
1197 1237 1301 1275 quae
1344 1226 1383 1264 in
1428 1225 1679 1265 institutione

185 1296 305 1342 atque
332 1293 387 1332 in
400 1292 760 1332 declamationibus
786 1292 836 1331 de
863 1292 1004 1332 eadem
1032 1304 1074 1331 re
1103 1292 1211 1331 dicta
1238 1292 1328 1339 sint,
1366 1293 1470 1331 inter
1507 1304 1550 1331 se
1579 1304 1677 1331 con-

185 1362 341 1407 gruant,
369 1371 417 1397 ex
445 1359 677 1406 Quintiliani
705 1359 844 1398 schola
870 1371 937 1397 eas
965 1359 1159 1408 originem
1186 1359 1356 1398 duxisse.
1407 1359 1538 1405 Quam
1582 1371 1680 1398 con-

184 1425 377 1464 iecturam
420 1428 464 1464 ut
502 1425 751 1474 comprobet,
789 1424 1091 1472 Quintilianum,
1136 1437 1227 1463 cum
1277 1425 1381 1463 duos
1419 1425 1543 1464 libros
1581 1425 1677 1464 artis

185 1491 405 1531 rhetoricae
418 1493 450 1540 ⁸)
494 1494 533 1529 et
579 1492 786 1530 sermones
829 1503 871 1530 se
906 1492 1067 1530 nolente
1101 1504 1125 1530 a
1168 1492 1373 1541 discipulis
1411 1491 1496 1530 suis
1539 1491 1680 1540 vulga-

183 1561 245 1596 tos
259 1558 293 1607 4)
320 1560 619 1605 commemoret,
648 1557 722 1596 has
750 1557 1062 1597 declamationes
1096 1558 1333 1606 intellegere,
1371 1558 1488 1596 nobis
1516 1569 1680 1608 persua-

183 1623 276 1662 dere
302 1624 439 1663 studet
452 1624 497 1674 ⁵).

285 1690 365 1729 Sed
391 1690 481 1729 licet
509 1693 747 1739 argumenta·
771 1690 914 1729 harum
943 1690 1281 1730 declamationum
1312 1692 1352 1729 in
1375 1691 1422 1728 iis
1449 1691 1569 1729 rebus
1590 1702 1679 1729 ver-

183 1759 333 1803 sentur,
359 1768 463 1806 quae
498 1757 550 1795 ad
579 1757 690 1795 'vitae
730 1768 848 1795 usum
891 1757 1101 1806 pertinent,
1152 1769 1200 1794 eo
1234 1757 1311 1795 hoc
1338 1757 1469 1795 solum
1498 1756 1679 1803 efficitur,

182 1822 312 1870 virum
339 1834 462 1861 sanae
490 1822 634 1861 mentis
662 1834 730 1861 eas
762 1822 1049 1872 composuisse.
1103 1823 1355 1862 Consensum
1393 1834 1489 1861 vero
1527 1825 1598 1861 aut
1625 1823 1679 1861 si-

182 1888 445 1928 militudinem
471 1900 709 1938 paucorum*
727 1888 950 1927 thematum
984 1888 1081 1937 nihil
1120 1889 1171 1927 ad
1208 1889 1401 1937 originem
1435 1901 1573 1928 earum
1619 1889 1679 1927 in-

182 1945 410 2004 dagandam
459 1956 592 1994 valere
630 1954 717 2005 ipse
764 1954 892 1993 Ritter
934 1954 1127 2002 concedit,
1171 1967 1259 1993 cum
1299 1955 1339 1993 in
1378 1967 1524 1994 comm.
1565 1967 1602 2004 p.
1632 1958 1679 1993 78

183 2020 296 2059 dicit:
340 2021 455 2059 Denn
483 2022 593 2059 meist
618 2020 741 2059 haben
767 2022 810 2059 ia
854 2021 918 2059 die
961 2021 1243 2060 declamatoren
1285 2021 1370 2059 ihre
1413 2021 1560 2060 theman
1602 2022 1680 2059 sich

182 2085 285 2124 nicht
311 2086 425 2125 selbst
452 2085 660 2136 erfunden,
687 2086 859 2125 sondern
886 2086 1013 2136 ldnqst
1035 2086 1329 2136 yebrc'iuchliche
1366 2086 1476 2137 stoffe
1503 2099 1576 2125 aus
1594 2086 1678 2125 dem

182 2152 334 2191 schrein
367 2152 439 2191 der
469 2152 598 2191 sehale
623 2152 904 2203 heransyeholt,
932 2153 1015 2190 und
1043 2165 1081 2190 es
1108 2153 1216 2190 kann
1242 2152 1324 2190 sich
1367 2153 1451 2191 also
1498 2166 1570 2191 aus
1613 2153 1684 2191 der

183 2217 285 2256 wahl
312 2218 379 2257 des
405 2217 537 2269 sto'ffes
564 2231 642 2257 nur
668 2219 726 2258 bis
753 2231 819 2269 ΖιιΒ
843 2219 963 2257 einem
1002 2218 1092 2257 sehr
1133 2219 1410 2258 beschrdnkten
1450 2218 1576 2270 qrade
1619 2218 1683 2258 die

217 2394 220 2397 ἢ
271 2349 276 2353 ”
304 2352 329 2394 ¹)
352 2351 400 2385 Cf.
436 2352 556 2385 Ritteri
594 2344 714 2385 comm.
752 2363 783 2394 p.
820 2352 883 2384 246
921 2361 993 2393 sqq.
1026 2351 1068 2392 §5
1098 2351 1128 2390 4,
1160 2352 1189 2390 5,
1223 2353 1252 2388 6,
1288 2355 1322 2384 et
1344 2352 1543 2385 Trabandtii
1566 2362 1676 2384 comm

179 2419 210 2450 p.
232 2409 273 2441 32
293 2419 365 2451 sqq.

304 2466 329 2504 ²)
351 2475 383 2507 Ρ-
403 2465 560 2506 222ιςας·

304 2520 329 2560 ⁸)
350 2520 400 2553 cf.
424 2520 500 2553 inst.
521 2523 605 2553 orat.
625 2521 643 2553 l
664 2530 811 2562 prooem.
834 2521 861 2552 7.

303 2576 331 2616 ¹)
353 2576 401 2609 Cf.
423 2576 500 2609 inst.
523 2579 606 2610 orat.
627 2577 683 2609 111.
702 2576 732 2614 6,
753 2576 805 2609 68.

302 2631 329 2673 ⁶)
350 2632 386 2665 L.
408 2632 429 2665 1.
451 2643 483 2674 p.
506 2632 577 2672 255,
598 2633 619 2674 fi
643 2632 690 2665 10.
