1873 2804
702 247 1178 381 >VITAp'

269 483 393 524 Natus
435 497 522 523 sum
561 483 801 525 Gerardus
848 482 1021 521 Fleiter
1053 483 1093 521 in
1126 483 1212 522 vico
1252 483 1337 522 Verl
1367 483 1660 522 Guestfalorum

167 562 202 589 a.
242 550 281 589 d.
315 549 381 588 XI.
413 550 503 589 Kal.
531 549 725 591 Octobres
742 547 921 592 anni-Ji.>
939 560 970 587 s.
997 542 1120 596 mnu
1147 551 1262 596 patre
1290 548 1492 595 Fredrico,
1538 551 1663 587 matre

167 617 305 657 Anna
330 628 353 656 e
380 617 496 666 gente
522 614 761 662 Richters‚
804 626 907 664 quos
934 613 1097 663 integris
1124 612 1257 654 adhuc
1290 613 1435 653 viribus
1463 614 1517 653 uti
1548 613 1664 653 valde

168 682 337 732 gaudeo.
393 681 528 720 Fidem
561 682 752 731 profiteor
778 680 1030 719 catholicam.
1082 681 1323 719 Litterarum
1350 681 1555 719 elementis
1588 681 1662 718 im·

166 748 288 788 butus
315 761 340 788 a
365 759 456 787 vere
482 759 610 798 usque
637 746 688 786 ad
715 748 979 786 auctumnum
1003 746 1098 786 anni
1114 746 1153 786 h.
1173 759 1203 787 s.
1220 746 1381 792 LXXXI
1399 746 1661 797 Gymnasium

168 815 495 864 Nepomucenum
536 813 838 860 Rietbergiense
869 813 1129 862 frequentavi.
1182 814 1260 851 Per
1292 813 1503 862 quinquies
1540 826 1660 851 senos

168 891 324 920 menses
356 879 412 918 fui
444 878 662 929 discipulus
694 877 893 928 gymnasii
920 876 1277 927 Paderbornensis,
1306 880 1418 929 quod
1447 891 1539 918 vere
1567 879 1659 918 anni

169 946 208 985 h.
235 958 266 986 s,
293 945 488 984 LXXXIV
514 944 756 991 testimonio,
799 943 909 993 quod
936 947 1099 992 vocant,
1140 945 1398 992 maturitatis,
1445 946 1663 984 instructus

171 1011 321 1062 reliqui.
374 1010 564 1051 Eiusdem
598 1010 693 1050 almi
735 1021 874 1050 mense
913 1010 1038 1060 Aprili
1072 1010 1113 1049 in
1149 1011 1280 1050 vicum
1310 1011 1424 1050 Melle
1451 1012 1663 1060 Belgarum

170 1091 234 1117 me
262 1078 425 1124 contuli,
452 1077 523 1116 ubi
548 1089 620 1127 per
645 1080 705 1116 ter
728 1090 848 1116 senos
866 1089 1023 1116 menses
1041 1077 1239 1127 gymnasii
1256 1078 1408 1116 ordinis
1426 1078 1482 1129 St.
1501 1077 1661 1127 Josephi

169 1144 224 1183 t‘ui
253 1143 511 1184 Germanicae
540 1144 697 1192 linguae
724 1146 969 1193 praeceptor.
1023 1143 1067 1182 In
1094 1143 1264 1193 patriam
1293 1144 1419 1183 redux
1445 1141 1663 1183 auc-‘tumno

171 1211 265 1250 anni
298 1211 335 1248 h.
357 1215 404 1249 s.
433 1209 611 1249 LXXXV
636 1210 677 1248 in
705 1221 916 1249 numerum
943 1210 1086 1248 civium
1116 1210 1247 1249 almae
1274 1210 1493 1249 litterarum
1521 1210 1663 1249 acade-

172 1277 273 1315 miae
310 1275 633 1315 Monasteriensis
676 1278 858 1325 receptus
901 1287 972 1325 per
1009 1275 1133 1316 octies
1171 1288 1291 1315 senos
1332 1288 1489 1315 menses
1522 1276 1663 1315 studiis

171 1341 421 1391 philologieis
459 1352 624 1391 operam
665 1340 823 1380 navavi.
878 1341 1108 1383 nocuerunt
1149 1353 1214 1380 me
1249 1342 1328 1380 VV.
1362 1342 1443 1380 DD.
1480 1342 1662 1388 Storck,

171 1407 374 1456 Langen,
416 1406 568 1454 Stahl,
604 1401 851 1455 Koerting,
888 1406 1115 1453 Niehues‚
1151 1406 1456 1456 Hagemann,
1498 1408 1663 1446 Milch-

171 1472 352 1520 hoefer,
382 1471 733 1518 Bartholemae,
761 1463 931 1511 Jos'tes.
974 1471 1186 1512 Seminarii
1211 1472 1306 1521 regii
1333 1472 1572 1524 philologici,
1602 1472 1664 1512 cui

171 1542 363 1588 praesunt
389 1538 578 1586 Langen
608 1541 647 1576 et
674 1537 830 1584 Stahl,
862 1537 1009 1587 perbis
1026 1550 1160 1584 senos,
1182 1539 1406 1584 Romanici,
1434 1539 1495 1578 cui
1510 1542 1664 1590 praeest

171 1603 422 1653 Koerting,
452 1615 522 1654 per
548 1606 691 1653 quater
718 1609 837 1646 senos
865 1615 1023 1642 menses
1043 1603 1193 1643 sodalis
1208 1600 1435 1643 ordinarius
1450 1604 1517 1650 fui,
1546 1604 1664 1643 huius

171 1681 242 1719 per
258 1681 328 1709 sex
347 1681 507 1708 menses
524 1669 670 1712 senior.
698 1669 1060 1711 Exercitationibus
1073 1669 1319 1709 Germanicis
1343 1670 1665 1716 utinteresssem,

170 1735 341 1786 benigne
368 1735 548 1788 permisit
574 1735 763 1775 Storek.

272 1802 487 1850 Omnibus,
532 1803 599 1851 qui
638 1814 703 1840 me
742 1802 980 1849 docuerunt,
1014 1803 1210 1852 imprimis
1243 1803 1321 1841 VV.
1361 1803 1441 1842 DD.
1480 1804 1664 1848 Storck,

170 1869 380 1919 Langen,
413 1868 566 1912 Stahl.
601 1868 859 1920 Koerting,
880 1856 1031 1918 optime
1067 1868 1117 1907 de
1143 1880 1207 1908 me
1234 1869 1385 1908 meritis
1414 1869 1559 1919 gratias
1587 1881 1664 1918 ago

170 1947 270 1984 quas
296 1935 424 1973 debeo
454 1936 658 1973 maximas.
