1873 2804
323 100 327 106 -
398 102 401 105 .
525 98 527 100 -
850 100 854 104 .
913 63 955 101 11

191 151 359 203 βείω-
388 152 825 204 Atquamqmmjex
850 153 1100 202 von-bisina*
1127 155 1228 200 οιαὶ·
1245 153 1282 193 ’ῖ-
1302 152 1685 204 prooem-diutule

190 217 356 269 legitur
374 218 543 261 alterum
577 219 673 262 artis
705 215 929 265 rhetoricae
951 219 1109 260 'librum
1140 232 1165 260 a
1198 219 1414 270 discipulis
1435 219 1559 267 «nullis
1582 218 1686 267 aliis

190 284 403 335 laboribus
414 283 627 340 interiectis
634 276 916 336 conscriptum
938 297 1039 334 esse,
1050 286 1220 333 tamen.
1232 297 1322 336 qua
1337 285 1541 334 integrum
1549 285 1687 330 decla-

191 351 429 391 mationum
442 350 589 408 corpus
617 338 706 394 'fuit
715 351 995 402 amplitudine,
1020 351 1077 397 ad
1098 354 1231 392 totum
1255 363 1403 401 ,corpus
1436 362 1684 400 compones),-

191 416 290 460 dum
321 413 406 459 non
437 417 567 467 solum
595 418 729 468 plures
761 416 866 474 dies‚'
903 417 981 468 sed
990 419 1108 464 certe
1133 417 1359 466 complures
1386 428 1557 457 menses
1564 416 1684 462 adhi—

188 482 312 531 bendi
336 475 511 524 ruerunt.
538 469 831 531 Quintilianum
854 484 1007 530 autem,
1032 482 1185 533 quippe
1202 483 1272 532 qui
1298 484 1492 533 utsupra
1497 481 1686 532 vidimus,

189 548 232 589 in
270 549 497 598 erudiendis
532 549 690 600 pueris
687 549 880 599 rhetores
905 548 1074 596 nimium
1103 542 1293 599 ponderis
1321 548 1688 597 declamatiomhue

189 616 363 670 tribuere
388 603 662 666 compluribus
680 613 807 664 locis.
814 615 994 664 vetuerit,
1020 627 1094 667 per
1119 616 1254 666 plures
1280 627 1440 656 menses
1468 615 1685 664 continuos

191 682 486 724 exercitationis
513 695 636 722 causa
664 683 704 722 in
732 682 887 725 schola
896 694 973 727 sua
994 682 1308 723 declamationes
1330 682 1503 723 dictasse
1517 694 1686 743 prqrsns

191 750 421 801 negandum
450 752 521 790 est.
562 749 655 789 ‘Sed
682 750 783 789 haec
810 761 873 796 res
900 757 983 789 non
1010 749 1164 797 obstat,
1194 749 1411 800 quominus
1444 749 1518 792 has
1550 748 1684 797 deela-

191 817 391 858 mationes
419 829 480 864 eo,
504 816 641 867 ¹quem'
654 816 749 864 dixi,
777 816 901 858 modo
916 805 1033 856 ortas
1053 828 1141 856 esse
1156 819 1356 867 putemus.
1391 815 1684 863 Quintilianum

127 927 131 929 ,
172 884 297 924 ἐιιιιιι
338 883 540 926 interdum
581 883 622 922 in
666 882 806 928 schola
852 882 1165 923 declamationes
1217 882 1407 922 habuisse
1458 881 1682 935 statuimus.-

183 950 431 1001 Discipulos
448 955 580 990 vero
595 949 694 990 satis
735 948 820 989 diu
836 949 879 997 ιιι
911 947 1120 992 rhetorum
1150 948 1291 989 schola
1322 948 1564 995 remansisse
1587 948 1684 1001 ipsc

190 1007 459 1065 Quintilianus
495 1017 557 1074 in
568 1011 661 1056 inst.
693 1018 795 1056 orat.
829 1016 952 1064 11.2‚
999 1020 1022 1055 3
1055 1018 1204 1064 narrat,
1238 1016 1308 1054 ubi
1340 1016 1441 1055 haec
1474 1016 1681 1066 leguntur:

192 1083 347 1135 ,Adulti
369 1083 456 1134 fere
474 1084 597 1135 pueri
622 1083 679 1123 ad
700 1082 769 1123 hos
790 1086 1064 1145 praeceptores
1092 1083 1159 1133 (sc.
1179 1082 1366 1133 rhetores)
1385 1081 1683 1137 transferuntur

190 1155 225 1191 et
257 1150 368 1202 apud
399 1159 461 1190 eos
492 1151 648 1190 iuvenes
680 1151 795 1190 etiam
825 1149 927 1200 facti
951 1151 1230 1202 perseverant‘.
1283 1149 1438 1197 Quodsi
1464 1149 1529 1194 cui
1555 1160 1683 1188 unum

189 1210 441 1268 discipulum>
455 1219 517 1257 tot
542 1210 854 1258 declamationes
871 1216 1079 1266 collegisse
1095 1216 1359 1266 improbatur,
1385 1227 1521 1260 nonne
1537 1218 1680 1266 putare

187 1284 307 1324 nobis
333 1284 425 1328 licet
450 1283 554 1327 duos
581 1277 644 1323 vel
670 1283 806 1335 plures
831 1282 1062 1333 discipulos,
1091 1283 1159 1332 qui
1185 1282 1374 1332 deinceps
1392 1281 1682 1332 Quintilianum

184 1350 477 1390 declamantem
514 1350 770 1397 audiverant,
802 1349 1009 1396 collectum
1038 1360 1185 1399 corpus
1211 1348 1410 1389 edidisse?
1461 1347 1546 1389 Etsi
1575 1359 1682 1395 vero,

183 1429 273 1457 cum
303 1417 344 1457 in
371 1417 462 1456 inst.
490 1418 591 1456 orat.
630 1416 774 1456 harum
801 1415 1142 1457 declamationum
1168 1414 1320 1461 mentio
1346 1426 1432 1456 non
1456 1412 1546 1462 flat,
1575 1415 1681 1456 veri-

185 1483 312 1525 simile
353 1494 437 1522 non
479 1484 540 1522 est
585 1494 654 1522 eas
685 1484 779 1521 ante
811 1481 903 1521 inst.
936 1483 1036 1537 orat.
1064 1481 1333 1530 compositam
1359 1480 1402 1519 in
1427 1478 1560 1520 lucem
1585 1492 1681 1531 pro·

186 1550 326 1596 diisse,
363 1551 499 1589 tamen
531 1548 629 1588 nihil
650 1548 816 1595 -obstat,
850 1540 1069 1598 quominus
1098 1559 1167 1586 eas
1201 1560 1230 1586 a·
1264 1547 1461 1597 discipulo
1499 1548 1678 1597 quodam

186 1618 280 1666 post
305 1615 453 1655 editam
480 1615 573 1654 inst.
600 1617 700 1654 orat.
728 1614 878 1665 publici
904 1614 1002 1654 iuris
1028 1614 1155 1654 factas
1182 1625 1272 1671 esse
1288 1616 1526 1655 statuamus.
1560 1614 1681 1661 Quod

185 1675 276 1722 fie'ri-
312 1682 493 1733 potuisse
509 1682 641 1721 -etiam
674 1681 947 1721 Trabandtius
979 1681 1095 1729 vidit,
1135 1681 1206 1720 sed
1233 1684 1378 1723 mirum
1404 1694 1494 1722 esse
1521 1682 1617 1723 dicit
1629 1683 1680 1734 ἰ),

130 1738 133 1746 ’
186 1747 297 1801 quod
329 1750 394 1790 ille
411 1740 645 1798 ¹discipulus
677 1761 889 1799 nunquam
921 1750 1103 1799 magistri
1129 1751 1374 1791 mentionem
1401 1751 1547 1790 fecerit.
1601 1751 1681 1795 Sed

186 1817 308 1867 quid?
322 1807 372 1853 -s-
389 1817 491 1856 Nam
509 1816 542 1856 si
571 1816 610 1855 in
628 1816 729 1865 alius
743 1811 966 1856 'cuiusdam
992 1816 1163 1856 rhetoris
1190 1815 1330 1858 schola
1355 1829 1426 1857 eas
1454 1819 1563 1857 ortas
1590 1810 1680 1857 esse

185 1883 342 1931 dixeris,
369 1895 504 1922 nonne
530 1882 673 1921 eodem
700 1883 786 1921 iure
812 1880 958 1922 mir‘um
983 1883 1108 1922 videri
1123 1886 1269 1933 potest,
1296 1884 1406 1933 quod
1427 1884 1513 1922 eius
1530 1896 1678 1926 nomen

187 1962 269 1989 non
297 1950 663 1989 commemoratur?
694 1972 735 1977 —
765 1948 957 1999 Discipuli
983 1951 1136 1997 autem,
1165 1960 1274 1998 cum,
1302 1961 1407 2000 quae
1433 1961 1459 1989 a
1485 1950 1678 2000 magistro

185 2016 475 2063 declamantur,
527 2015 747 2064 excipiunt,
806 2015 892 2054 eius
940 2016 1186 2055 mentionem
1234 2009 1364 2056 facere
1412 2029 1495 2056 non
1536 2017 1677 2057 solent.

183 2082 307 2133 Atqui
333 2082 409 2122 has
436 2081 751 2139 declamationes
778 2081 854 2121 hac
881 2081 1116 2122 condicione
1143 2085 1251 2123 ortas
1279 2094 1411 2134 neque
1431 2085 1579 2134 postea
1591 2095 1679 2124 me·

183 2150 259 2189 lius
292 2148 509 2202 dispositas
547 2160 636 2187 esse
666 2148 760 2198 ‘ipse
797 2145 1071 2188 Trabandtius
1108 2149 1148 2188 in
1187 2150 1539 2190 commentationis
1579 2162 1678 2190 suae

184 2218 297 2266 parte
333 2214 450 2255 tertia
492 2214 782 2264 comprobavit.
836 2213 918 2253 Cur
956 2214 1078 2264 igitur
1102 2215 1136 2254 ei
1165 2215 1312 2255 mirum
1338 2216 1515 2264 videtur,
1547 2217 1677 2267 quod,

184 2281 438 2332 quicumque..
463 2280 682 2330 discipulus
719 2291 787 2319 eas
829 2280 1041 2331 intercepit
1082 2283 1120 2320 et
1159 2280 1285 2321 edidit
1316 2283 1495 2332 magistri
1527 2294 1676 2322 nomen

182 2360 271 2396 non,
292 2346 648 2387 commemoravit?
846 2374 855 2402 θ

284 2414 411 2454 Porro
445 2411 719 2453 Trabandtius
752 2424 801 2452 eo
827 2413 1082 2463 progreditur
1096 2415 1144 2465 ⁸),
1177 2416 1218 2453 ut
1248 2414 1289 2454 in
1317 2414 1676 2455 declamationibus

182 2481 315 2521 inesse
350 2479 561 2519 ostendere
599 2480 782 2528 conetur,
825 2491 930 2530 quae
961 2480 1128 2520 omnino
1161 2494 1187 2521 a
1214 2481 1447 2530 Quintiliani
1474 2481 1675 2533 cogitandi

306 2571 331 2610 ²)
352 2571 388 2604 L.
410 2571 431 2604 1.
453 2569 489 2602 in
511 2580 544 2612 p.
565 2568 631 2602 15.»

305 2627 330 2667 ¹)
351 2627 388 2660 [ι.
409 2627 430 2659 1.
451 2636 483 2668 p.
505 2626 544 2659 27
567 2635 640 2667 sqq.
