1873 2804
906 122 949 155 24

174 214 256 252 fere
291 225 434 252 omnes
470 227 493 252 a
525 214 557 252 B
584 216 623 251 et
651 213 681 251 C
709 213 857 263 pariter
885 213 1098 252 traduntur
1125 225 1338 263 apparere,
1382 213 1582 253 artissime
1609 226 1679 252 eos

174 280 333 318 codices
377 280 480 319 inter
521 292 563 319 se
603 280 839 318 coniunctos
883 292 981 318 esse.
1037 280 1117 319 Sed
1155 291 1198 318 re
1233 291 1330 318 vera
1365 279 1443 318 hoc
1478 291 1677 318 consensu

172 346 270 384 nihil
303 346 483 385 efficitur.
538 346 891 395 Duodesexaginta
925 346 1033 384 enim
1067 345 1212 384 horum
1247 346 1427 384 locorum
1457 357 1481 384 a
1509 345 1612 385 libro
1642 344 1677 384 A

173 412 316 451 iisdem
345 412 485 451 litteris
515 412 771 459 exhibentur,
797 413 943 462 quibus
972 425 996 450 a
1025 413 1054 450 B
1084 415 1123 450 et
1151 412 1194 450 G.
1249 412 1420 451 Restant
1448 412 1567 462 igitur
1595 424 1677 451 non

175 479 348 528 amplius
387 479 525 527 viginti
558 481 640 516 tres
674 479 723 516 de
751 479 898 527 quibus
927 478 1152 517 accuratius
1180 478 1397 516 videndum
1426 481 1505 517 est?
1552 478 1677 528 Atqui

174 557 320 583 novem
350 557 489 583 eorum
519 556 543 582 a
572 544 602 582 C
630 544 745 582 aliter
772 544 940 582 traditos
969 547 1090 594 atque
1119 557 1143 582 a
1169 545 1201 582 B
1230 544 1316 593 ipse
1333 544 1462 583 Ritter
1489 545 1541 583 ad
1568 557 1607 594 p.
1623 545 1677 583 XI

175 611 385 651 annotavit
410 611 486 649 hos

483 692 519 731 A
971 692 1002 730 B
1398 692 1428 731 C

179 763 266 807 180,
297 761 409 809 24s25
438 759 603 797 ultimae
628 759 760 808 pelagi
848 759 967 809 (sicut
993 759 1032 797 in
1061 759 1114 806 A)
1276 759 1417 798 ultima
1444 759 1571 808 pelagi

173 829 260 872 210,
290 827 403 872 28,’29
433 824 658 873 intellegitis
841 825 1076 874 intellegetis
1273 824 1488 873 intelligitis

181 896 268 938 219,
299 895 344 928 12
434 891 606 929 formula
848 890 1019 929 formula
1277 890 1445 929 formule

176 961 263 1004 317,
294 961 342 995 26
432 957 617 995 emittunt
847 956 1037 994 amittunt
1274 956 1461 994 emittunt

179 1027 265 1071 348,
297 1027 318 1061 9
437 1035 532 1062 nam
562 1025 600 1061 et
849 1025 994 1061 natura
1022 1025 1060 1061 et
1274 1034 1368 1061 nam
1398 1025 1436 1061 et

175 1093 262 1136 367,
292 1092 405 1137 23124
433 1089 543 1138 quod
843 1088 1049 1137 quomodo
1274 1100 1356 1137 quo

175 1159 263 1203 370,
294 1160 338 1193 11
431 1155 631 1206 prolatum
848 1154 1049 1204 prolatum
1276 1154 1491 1204 probatum

177 1226 264 1269 372,
294 1225 342 1258 22
432 1221 510 1260 Aa:
537 1222 789 1270 profecerunt
844 1220 1081 1269 profecerint
1273 1221 1526 1270 profecerunt

427 1288 510 1327 Ab:
540 1288 748 1339 proferunt

175 1360 263 1403 440,
296 1359 341 1393 15
437 1358 476 1393 et
503 1358 618 1394 tuum
845 1358 884 1393 et
911 1357 1025 1392 tuum
1425 1356 1443 1392 ἱ)
1473 1356 1507 1402 ¹)

277 1437 335 1475 Ex
376 1437 518 1476 ceteris
566 1436 888 1486 quattuordecim
936 1438 1069 1475 autem
1108 1436 1139 1474 B
1179 1439 1218 1474 et
1252 1436 1282 1474 C
1318 1436 1477 1474 duobus
1505 1435 1606 1473 inter
1635 1446 1678 1473 se

176 1504 405 1553 discrepare
438 1503 478 1541 in
512 1503 551 1541 h.
588 1515 620 1542 c.
654 1516 692 1552 p.
729 1506 775 1541 18
806 1503 1089 1541 demonstravi.
1145 1503 1248 1551 Ergo
1276 1502 1492 1541 duodecies
1521 1504 1677 1540 tantum

176 1570 207 1608 B
240 1573 279 1608 et
312 1570 343 1607 C
375 1569 431 1608 ita
463 1569 565 1607 inter
597 1581 640 1607 se
676 1569 948 1615 consentiunt,
992 1572 1035 1607 ut
1063 1569 1189 1607 codex
1216 1568 1252 1605 A
1280 1580 1371 1607 cum
1398 1568 1446 1606 iis
1474 1580 1554 1606 non
1584 1579 1681 1605 con-

183 1638 310 1686 gruat.
352 1635 543 1674 Exscribo
572 1635 648 1674 hos
667 1646 832 1684 quoque
860 1635 983 1682 locos,
1023 1647 1103 1684 quo
1131 1635 1269 1673 videas
1295 1634 1370 1673 has
1396 1633 1685 1683 discrepantias

177 1703 323 1741 nullius
351 1703 433 1741 fere
460 1702 654 1741 momenti
683 1714 782 1740 esse.
837 1702 958 1740 Sunt:

574 1784 610 1823 A
1140 1784 1248 1833 B(C)

208 1855 269 1897 33,
301 1856 318 1888 1
438 1850 594 1889 accedit
1073 1850 1217 1888 accidit

210 1952 269 1994 77,
299 1951 321 1984 3
441 1918 637 1985 τθῐῃίεξῖῗὲ)
657 1950 792 1986 tamen
821 1948 981 1986 veniam
1071 1947 1221 1985 remisit
1249 1947 1368 1985 istam
1395 1946 1556 1984 veniam

211 2017 271 2061 89,
302 2017 349 2051 14
440 2025 539 2063 pace
1070 2016 1185 2063 parte
1216 2013 1248 2063 ²)

186 2084 271 2127 117,
301 2084 323 2118 3
442 2080 569 2119 secuti
1072 2080 1189 2119 sicuti

181 2151 267 2195 141,
296 2151 318 2185 8
435 2148 608 2197 spectari
1072 2149 1254 2197 spectare
1290 2193 1291 2197 Ἰ

184 2217 269 2259 158,
298 2216 412 2263 23124
439 2217 576 2262 putem
605 2213 672 2252 diu
701 2214 844 2252 fecisse
1073 2216 1211 2264 putem
1238 2213 1308 2251 diu
1335 2213 1457 2252 fuisse

184 2283 272 2325 159,
298 2281 323 2318 9
436 2282 571 2318 mutus
1073 2282 1210 2318 motus

188 2349 272 2392 176,
302 2349 350 2383 24
441 2346 528 2384 Aa:
557 2346 623 2384 dio
652 2346 872 2384 evenissem
1072 2345 1163 2384 dico
1191 2345 1386 2383 evenisset

436 2411 524 2451 Ab:
554 2412 655 2451 dico·
673 2412 895 2451 evenissem

304 2561 330 2601 ¹)
352 2560 441 2593 Dicit
462 2559 599 2601 quidem
623 2560 661 2592 R.
683 2560 831 2592 codicem
855 2560 878 2591 (J
905 2561 969 2592 hoc
990 2560 1064 2591 loco
1086 2559 1283 2600 discrepare,
1307 2559 1365 2592 sed
1387 2560 1586 2601 scripturam
1609 2559 1681 2592 eius

179 2628 249 2650 non
276 2617 399 2650 attulit.

304 2675 328 2715 ²)
352 2673 400 2706 Cf.
424 2673 456 2706 h.
480 2683 601 2706 comm.
625 2684 656 2715 p.
674 2674 722 2706 19.
