1873 2804
876 76 917 118 17

153 169 198 211 111
224 169 290 220 iis,
329 182 434 222 quae
459 170 509 212 de
536 172 741 213 codicibus
768 191 805 222 v,
834 177 870 222 β,
896 187 923 213 x
949 174 1061 221 dicit,
1090 173 1238 213 diutius
1265 170 1414 213 versari
1441 171 1555 222 nolo,
1595 169 1645 214 de

153 238 359 277 codicibus
386 238 434 284 A,
461 239 505 286 B,
532 239 563 277 C
592 242 744 287 autem,
790 252 874 279 non
906 253 954 279 ex
990 240 1100 279 omni
1133 242 1247 288 parte
1284 242 1390 278 recte
1422 252 1515 279 eum
1542 240 1645 279 iudi-

153 305 286 353 casse,
328 304 606 354 imprimisque
641 304 788 345 codicis
829 305 860 344 C
900 305 1070 355 pretium
1097 304 1200 343 falso
1234 305 1466 344 aestimasse
1505 305 1645 356 paucis

155 382 356 420 exponam
380 371 422 422 ¹).

257 452 359 491 Dicit
382 453 489 492 enim
515 453 565 492 de
592 453 669 491 hoc
695 453 796 491 libro
823 464 947 491 manu
974 452 1124 501 scripto
1153 452 1191 489 in
1221 452 1282 490 ed.
1311 452 1434 501 praef.
1463 466 1499 502 p.
1527 452 1580 490 XI
1608 456 1647 491 et

153 519 230 559 alia
256 521 296 558 et
327 519 442 558 haec:
488 518 755 568 ,Consentiunt
796 518 911 556 verba
952 518 1147 556 artissime
1187 530 1273 555 cum
1315 517 1442 556 codice
1483 517 1540 565 B;
1581 518 1648 556 ubi

155 584 396 635 discrepant,
435 585 591 634 saepius
623 576 663 621 '0
694 584 747 621 ad
789 584 931 621 codicis
967 584 1003 621 A
1038 584 1276 633 scripturam
1313 583 1479 631 accedit;
1515 596 1646 622 verum

152 662 353 702 nunquam
379 650 535 701 potiora
560 648 629 687 hoc
657 649 798 698 tradit,
842 650 898 687 ita
935 652 979 686 ut
1005 643 1094 687 *non
1130 653 1162 686 et
1189 648 1226 686 B
1255 648 1386 686 eadem
1415 648 1587 687 exhibeat
1615 654 1647 687 et

148 729 199 755 ne
225 717 296 754 uni
322 716 476 767 quidem
504 716 583 753 loco
610 716 653 752 in
680 716 813 753 ceteris
840 714 951 752 libris
981 716 1035 764 (A
1049 714 1103 763 B)
1127 716 1285 765 pariter
1309 719 1511 765 corrupto,
1549 728 1646 765 quae

152 782 194 819 in
230 782 405 820 notitiam
447 793 570 819 meam
607 784 891 830 pervenerunt,
929 780 1071 818 codicis
1115 780 1147 817 C
1183 781 1402 830 scripturae
1431 784 1646 830 potuerunt

154 847 347 886 auxilium
374 846 433 886 vel
460 846 646 885 medelam
674 846 844 895 adferre.
899 845 1036 898 Itaque
1058 859 1135 884 non
1154 846 1269 884 nirnis
1296 845 1534 897 neyleqenter
1549 846 1645 884 mihi

152 915 256 952 visus
282 926 367 951 sum
391 912 535 962 facere,
562 912 629 949 aba·
654 913 844 962 inteyrum
862 913 963 949 hunc
985 912 1140 963 quidem
1161 912 1303 949 librum
1321 916 1493 950 excutere
1513 913 1643 950 nolui‘.

152 979 330 1018 Primum
365 978 474 1028 quod
502 978 644 1027 integri
679 978 827 1017 codicis
860 978 891 1016 C
918 978 1114 1016 rationem
1142 977 1373 1017 habendam
1400 990 1487 1017 esse
1513 982 1644 1028 negat,

154 1046 288 1095 ipsum
316 1045 398 1083 suis
425 1045 555 1083 verbis
583 1045 754 1083 refutare
795 1045 896 1083 licet.
951 1045 1094 1082 Nonne
1133 1045 1236 1082 enim
1279 1045 1340 1082 vel
1382 1045 1493 1090 inde,
1535 1045 1644 1094 quod

154 1111 276 1150 verba
313 1111 462 1149 codicis
491 1110 534 1157 C,
564 1111 629 1148 ubi
657 1123 680 1148 a
707 1112 738 1149 B
767 1110 1006 1159 discrepant,
1034 1111 1195 1159 saepius
1221 1110 1270 1148 ad
1295 1110 1445 1148 codicis
1470 1111 1501 1148 A
1521 1111 1644 1160 scrip-

152 1183 282 1216 turam
313 1178 519 1223 accedunt,
550 1177 659 1215 illum
688 1176 833 1214 librum
861 1177 1147 1225 neglegendum
1179 1189 1258 1214 non
1286 1189 1374 1215 esse
1402 1180 1591 1226 apparet?

255 1257 424 1295 Exstant
457 1256 581 1303 enim.
626 1260 670 1295 ut
702 1268 750 1295 ex
783 1257 1017 1306 subscriptis
1054 1257 1287 1295 lectionibus
1330 1257 1525 1305 sequitur,
1567 1257 1644 1295 loci

150 1324 259 1362 haud
288 1324 417 1372 pauci,
445 1323 525 1370 ubi,
553 1326 685 1362 utrum
717 1323 863 1362 codicis
891 1324 927 1361 A
954 1335 1005 1362 an
1031 1323 1060 1361 Β
1090 1323 1287 1372 scriptura
1315 1335 1408 1361 vera
1436 1323 1497 1370 sit,
1524 1323 1642 1362 dubi-

149 1392 268 1430 tatur.
320 1390 425 1438 Ergo
465 1389 612 1428 talibus
644 1389 741 1428 locis
780 1390 955 1428 codicem
994 1389 1039 1436 C,
1082 1390 1115 1428 si
1149 1390 1233 1428 eius
1262 1390 1459 1439 scriptura
1486 1401 1579 1428 cum
1605 1390 1642 1428 A

151 1457 355 1506 congruit,
399 1456 450 1495 ad
485 1456 688 1505 scriptoris
725 1454 842 1494 verba
877 1468 969 1494 vere
1002 1456 1281 1495 constituenda
1314 1456 1483 1495 multum
1511 1457 1643 1495 valere

150 1513 407 1572 perspicuum
433 1524 502 1561 est.
557 1522 706 1560 Contra
734 1522 937 1560 neminem
965 1522 1241 1560 dubitaturum
1270 1534 1357 1560 esse
1380 1525 1478 1571 puto
1493 1523 1642 1561 codicis

146 1589 178 1628 B
220 1588 432 1628 lectionem
472 1588 601 1638 sequi,
647 1587 804 1638 quoties
838 1600 930 1627 cum
964 1588 994 1627 C
1028 1588 1283 1627 consentiens
1317 1588 1458 1627 melius
1486 1588 1538 1627 ad
1566 1588 1643 1628 loci

146 1656 384 1694 sententiam
420 1655 600 1705 quadrat.
657 1655 777 1693 Cuius
812 1655 867 1693 rei
902 1655 1082 1705 exempla
1116 1655 1317 1694 sufficiant
1343 1655 1455 1695 haec.
1508 1656 1552 1694 In
1580 1656 1642 1694 in-

145 1722 492 1771 terrogationibus,
522 1732 625 1770 quae
654 1725 859 1768 vocantur,
888 1721 1073 1771 obliquis,
1102 1734 1222 1771 saepe
1237 1722 1382 1760 modus
1400 1722 1640 1761 indicativus

146 1788 324 1827 omnium
364 1787 547 1827 codicum
587 1799 787 1827 consensu
824 1787 992 1832 traditus
1026 1788 1240 1835 invenitur,
1278 1788 1332 1827 ita
1359 1791 1404 1827 ut
1432 1800 1521 1827 mea
1548 1800 1640 1827 sen-

143 1855 269 1894 tentia
290 1855 364 1894 has
390 1854 579 1893 lectiones
608 1866 723 1893 veras
751 1866 838 1893 esse
865 1856 1036 1901 constet,
1063 1855 1170 1893 velut
1197 1867 1235 1904 p.
1266 1858 1358 1901 179,
1385 1858 1428 1900 3;
1465 1858 1549 1902 182,
1580 1859 1638 1902 11,

147 1921 236 1959 aliis
268 1921 378 1960 locis.
432 1921 510 1959 Sed
542 1920 758 1959 identidem
787 1933 948 1970 quoque
976 1920 1015 1959 in
1042 1921 1239 1960 eiusmodi
1268 1921 1485 1960 enuntiatis
1511 1921 1638 1960 codex

150 1988 185 2026 A
226 1987 386 2026 exhibet
420 1988 587 2026 modum
620 1987 896 2034 indicativum,
936 1999 1027 2026 cum
1060 1988 1100 2025 in
1132 1988 1164 2026 B
1192 1988 1337 2026 modus
1364 1988 1641 2026 coniunctivus

145 2054 308 2104 legatur,
336 2053 443 2092 velut
471 2056 582 2100 255‚1
606 2054 653 2104 ²);
685 2057 768 2101 168,
797 2057 858 2092 29.
911 2053 1058 2102 Haeret
1085 2054 1204 2103 igitur
1230 2054 1270 2092 in
1298 2054 1473 2103 ancipiti,
1501 2058 1632 2092 utrum

144 2121 323 2160 codicem
360 2120 473 2170 sequi
510 2120 748 2168 debeamus,
798 2132 887 2159 cum
927 2120 1055 2159 Ritter
1092 2121 1239 2159 codicis
1279 2120 1309 2159 C
1342 2121 1560 2170 scripturas
1591 2121 1637 2159 iis

142 2186 241 2226 locis
282 2198 365 2225 non
406 2185 615 2225 addiderit.
670 2187 758 2236 Ipse
801 2186 981 2225 codicem
1013 2186 1044 2225 B
1083 2189 1242 2225 secutus
1286 2190 1357 2226 est.
1412 2187 1491 2226 Sed
1523 2187 1556 2225 si
1590 2187 1637 2225 iis

268 2321 293 2359 ²)
313 2320 481 2352 Ritterum
502 2319 538 2351 in
559 2319 777 2351 describendo
798 2322 832 2351 et
852 2319 1052 2351 conferendo
1085 2319 1197 2352 codice
1222 2320 1250 2351 A
1283 2320 1496 2360 neglegenter
1529 2329 1639 2351 versa-

143 2379 216 2409 tum
237 2386 310 2410 esse
331 2375 373 2409 H.
395 2376 418 2409 1.
434 2376 551 2409 Mulier
565 2376 773 2409 demonstrat
789 2375 843 2417 (cf.
855 2375 1021 2409 Deutsche
1031 2375 1335 2419 litteraturzeitung
1354 2375 1439 2409 1885.
1458 2386 1488 2418 p.
1496 2376 1636 2416 266s67),

144 2433 301 2474 idemque
334 2434 425 2465 hunc
460 2434 608 2465 codicem
641 2433 762 2465 iterum
798 2433 1036 2465 conferendum
1073 2444 1145 2465 esse
1173 2438 1295 2466 censet.
1339 2434 1434 2474 Quod
1471 2444 1532 2465 suo
1564 2433 1636 2466 iure

145 2489 239 2522 illum
260 2489 431 2532 postulare
452 2489 659 2531 argumentis
681 2490 801 2531 probat
822 2488 857 2521 C.
880 2489 1023 2521 Schenkl
1044 2489 1064 2521 l.
1086 2490 1107 2522 l.
1129 2500 1160 2531 p.
1183 2490 1223 2522 74
1243 2493 1275 2522 et
1299 2490 1347 2522 75.
1390 2489 1438 2521 Cf.
1462 2490 1524 2522 hac
1538 2489 1578 2521 de
1601 2499 1637 2521 re

143 2545 178 2578 F.
200 2546 329 2579 Becher
349 2547 370 2579 l.
392 2547 411 2579 1.
434 2557 465 2587 p.
483 2546 531 2578 73.

266 2601 291 2641 ¹)
313 2601 362 2634 Cf.
383 2602 424 2633 R.
443 2600 492 2633 ed.
515 2611 546 2643 p.
566 2601 627 2632 519
649 2601 852 2641 corrigenda.
