1873 2804
891 80 935 117 29

163 174 266 214 telae
294 173 352 213 ita
379 176 648 223 comparatae,
691 177 736 213 ut
762 175 876 214 facile
902 186 1035 213 errore
1062 177 1184 224 atque
1220 174 1470 224 neglegentia
1508 173 1659 214 librarii

162 252 237 280 eas
258 243 367 280 ortas
394 251 483 279 esse
509 243 715 290 appareat.
760 240 957 290 Equidem
984 240 1181 290 imprimis
1209 252 1278 278 eos
1305 240 1428 287 locos,
1460 240 1530 278 ubi
1558 240 1589 278 C
1619 240 1659 278 in

162 305 310 345 malam
349 308 503 356 partem
542 308 682 345 contra
718 306 754 344 A
792 309 830 344 et
862 306 894 344 Β
927 306 1020 344 facit
1061 305 1359 353 diligentissime
1386 308 1658 354 perscrutatus

95 383 99 386 ·
160 372 315 411 nullum
341 371 550 421 vestigium
578 372 762 411 consulto
780 371 982 410 admissae
999 370 1331 423 interpolationis,
1359 382 1480 419 quam
1499 373 1657 417 vocant,

161 438 309 477 inveni.
361 438 468 486 Loci,
497 438 642 488 quibus
667 437 834 476 forsitan
851 436 1024 486 cuipiam
1043 435 1241 474 dubitatio
1263 438 1484 483 moveatur,
1506 438 1600 474 sunt
1618 435 1659 473 hi

403 504 517 557 ⁴(101,
547 504 611 554 26)
706 503 777 541 AB
1232 502 1263 540 C

428 573 513 617 101,
543 573 590 607 26
642 568 799 618 putavit
1119 568 1288 617 putabat

428 639 513 681 103,
542 638 589 672 25
643 634 845 673 accusavit
1118 631 1325 672 accusaret

423 704 507 747 105,
563 704 583 738 7
637 712 719 739 non
744 703 788 738 ut
815 700 960 749 opinor
1115 712 1197 738 non
1225 702 1270 738 ut
1295 703 1392 748 puto

427 771 511 814 108,
540 771 589 804 24
642 766 795 816 agitant
1117 766 1283 815 agitavit

425 837 510 880 113,
564 836 585 870 2
638 832 758 871 faciat
1111 833 1241 871 faciet.

169 901 249 939 Sed
293 900 489 939 eiusmodi
521 899 667 939 menda
697 899 813 938 vinviti
853 911 994 938 omnes
1032 899 1279 938 committere
1318 900 1502 939 solemus.
1556 901 1657 939 Nam

166 967 394 1016 ubicunque
420 966 543 1005 animi
570 966 736 1004 intentio
764 966 971 1015 paululum
1005 966 1239 1012 remittitur,
1277 966 1389 1004 facile
1425 967 1568 1005 similia
1599 968 1653 1005 si-

161 1033 319 1072 milibus
346 1034 642 1071 commutamus
665 1032 708 1082 l).

258 1099 427 1147 Magnus
455 1098 617 1147 quidem
647 1102 707 1136 est
732 1110 921 1136 numerus
951 1110 1090 1136 eorum
1118 1098 1319 1146 locorum,
1349 1099 1495 1148 quibus
1524 1099 1650 1138 codex

163 1165 193 1203 C
224 1164 378 1203 mendis
406 1164 626 1213 scripturae
653 1164 822 1210 laborat,
851 1164 976 1202 multo
1006 1166 1138 1202 autem
1168 1164 1298 1203 maior
1325 1177 1483 1203 summa
1503 1176 1656 1211 eorum,

148 1232 304 1279 quibus
349 1233 419 1268 aut
462 1231 571 1268 solus
609 1234 677 1268 aut
718 1242 807 1268 cum
848 1242 930 1268 uno
970 1243 1019 1268 ex
1045 1231 1185 1268 ceteris
1214 1231 1373 1269 duobus
1402 1232 1656 1269 consentiens

161 1307 294 1334 veram
323 1296 561 1345 scripturam
590 1295 760 1333 exhibet..
817 1295 996 1341 Quarum
1030 1295 1245 1333 lectionum
1284 1308 1532 1345 quamquam
1568 1297 1655 1345 plu-

160 1363 284 1401 rimae
310 1362 472 1400 maioris
501 1362 692 1400 momenti
720 1374 803 1400 non
833 1364 943 1406 sunt,
970 1365 1105 1400 tamen
1132 1362 1351 1409 interdum,
1395 1362 1483 1410 ubi,
1522 1365 1656 1401 utrum

159 1429 193 1465 A
224 1440 276 1466 an
303 1428 334 1466 B
363 1427 475 1477 sequi
503 1428 734 1474 debeamus,
763 1427 927 1483 dubium
958 1431 1029 1472 est,
1058 1426 1205 1465 codicis
1236 1428 1266 1466 C
1294 1428 1515 1478 scripturas
1544 1429 1654 1467 auxi-

161 1494 255 1532 lium
285 1494 400 1533 nobis
428 1494 607 1532 attulisse
634 1506 757 1543 supra
785 1494 964 1542 exposui.
1019 1494 1168 1532 Eorum
1186 1497 1320 1532 autem
1347 1495 1540 1544 locorum,
1569 1494 1657 1544 qui-

158 1561 234 1598 bus
260 1561 294 1598 A
324 1563 362 1598 et
387 1561 418 1597 B
448 1560 625 1608 corrupti
653 1563 763 1605 sunt,
791 1560 993 1609 quinque,
1034 1563 1140 1597 certe
1171 1564 1257 1606 101,
1285 1564 1329 1605 2;
1370 1564 1455 1607 104,
1487 1564 1657 1606 19—203

158 1629 242 1673 108,
273 1630 444 1672 13—14;
476 1630 559 1672 110,
589 1627 739 1675 23l111.
765 1631 807 1671 1;
837 1629 897 1671 90,
925 1630 960 1672 2,
990 1626 1044 1663 ita
1074 1628 1164 1663 sunt
1185 1627 1418 1675 comparati,
1446 1629 1490 1664 ut
1509 1627 1658 1665 librarii

158 1692 387 1730 coniectura
415 1692 562 1730 codicis
591 1692 620 1729 C
647 1692 835 1730 lectiones
862 1703 979 1730 verae
1006 1695 1119 1730 ortae
1146 1704 1233 1730 esse
1260 1704 1341 1730 non
1370 1692 1591 1730 videantur.

286 1842 308 1879 l)
331 1842 490 1873 Diversae
512 1841 663 1873 codicum
685 1840 846 1873 lectiones
867 1851 897 1881 p.
920 1851 950 1881 p.
988 1851 992 1855 ’

445 1898 495 1936 90,
517 1898 621 1934 26191,
647 1898 661 1928 1
705 1897 765 1936 (A:
788 1897 874 1928 vidis
915 1897 958 1928 B:
983 1896 1079 1928 video
1124 1897 1165 1928 C:
1191 1896 1271 1936 vidi)

444 1954 493 1992 92,
518 1953 621 1992 28s93,
646 1954 662 1985 1
707 1953 766 1994 (A:
803 1952 934 1985 videtur
963 1953 1088 1985 habere
1116 1952 1330 1993 philosophia

721 2011 764 2042 B:
797 2002 844 2042 ist.
866 2020 902 2041 re
924 2009 1003 2050 phil.

724 2066 763 2097 C:
797 2066 898 2097 habet.
917 2064 1145 2105 philosophia)

551 2121 600 2160 93,
621 2122 660 2154 27
704 2122 761 2161 (A:
794 2120 1007 2162 philosophia
1029 2130 1187 2153 manasse

719 2178 763 2210 B:
792 2177 1008 2219 philosophia
1029 2177 1098 2209 iam
1120 2187 1209 2209 man.

720 2234 762 2266 C:
786 2234 1000 2275 philosophia
1021 2232 1210 2273 emanasse)

533 2290 600 2329 104,
624 2291 665 2322 22
707 2290 766 2330 (A:
796 2291 838 2322 ad
860 2291 1076 2331 magistratus
1098 2290 1216 2322 educta

720 2347 761 2379 B:
794 2347 834 2379 ad
857 2347 1090 2389 magistratum
1114 2347 1251 2379 seducta

716 2404 756 2435 C:
789 2404 833 2434 ad
855 2403 1088 2445 magistratum
1111 2403 1265 2441 deducta)

159 2469 199 2492 eo
221 2459 363 2492 fortasse
385 2462 476 2492 ortae
497 2461 586 2497 sunt,
621 2459 710 2500 quod
732 2469 819 2501 quae
840 2459 967 2492 librarii
992 2460 1027 2492 in
1049 2460 1228 2501 archetypo
1249 2459 1335 2491 bene
1356 2459 1465 2500 legere
1494 2468 1562 2491 non
1585 2462 1655 2500 pot-

159 2519 256 2548 erant
276 2525 317 2547 ex
340 2525 401 2547 suo
422 2515 564 2556 quisque
597 2515 736 2547 arbitrio
772 2516 990 2548 exscribebat.
1034 2516 1124 2548 Licet
1159 2516 1261 2556 igitur
1298 2526 1337 2547 ex
1375 2515 1538 2547 eiusmodi
1574 2515 1656 2547 locis

160 2574 321 2613 appareat
342 2570 466 2604 codicis
488 2570 512 2603 C
534 2570 710 2602 librarium
731 2570 876 2612 peritum
899 2571 1002 2603 fuisse
1023 2571 1159 2612 linguae
1181 2570 1331 2609 Latinae,
1368 2574 1481 2602 tamen
1504 2571 1656 2602 consulto

161 2627 217 2661 ille
237 2626 514 2670 interpolationes
536 2626 711 2659 admisisse
735 2627 818 2659 mihi
839 2637 909 2659 non
930 2627 1071 2659 videtur.
