1873 2804
907 85 950 118 27

285 175 562 220 Inveniuntur,
606 178 650 215 ut
676 188 799 226 supra
826 176 993 226 exposui
1020 176 1061 215 in
1088 176 1165 216 hac
1191 176 1532 216 declamationum
1558 178 1673 226 parte

183 241 404 291 nonaginta
431 244 522 281 octo
549 242 645 290 loci,
684 243 832 292 quibus
859 243 895 282 A
923 245 961 281 et
989 243 1019 281 C
1046 243 1087 281 in
1113 243 1264 291 bonam
1291 245 1448 291 partem
1475 244 1616 281 contra
1640 242 1673 281 B

185 307 427 357 conspirant.
481 309 588 347 Sane
614 309 850 359 plerumque
878 308 929 348 ad
945 308 1121 358 primum
1137 310 1397 357 conspectum
1419 307 1675 347 manifestum

182 374 226 412 fit
252 373 401 413 codicis
425 375 457 413 B
475 374 679 423 praviores
707 375 897 413 lectiones
925 386 975 412 ex
1000 374 1148 412 librarii
1177 374 1427 422 neglegentia
1449 377 1557 412 ortas
1575 386 1674 412 esse.

183 439 263 478 Sed
288 439 489 479 interdum
515 452 578 479 res
606 440 718 479 aliter
744 452 787 478 se
813 439 953 484 habet;
980 439 1089 477 velut

303 519 341 557 p.
398 511 458 556 91,
514 512 531 546 1
627 507 696 558 (Αι
724 507 798 546 has
816 505 1059 553 inimicitias;
1085 506 1133 545 B:
1162 505 1240 545 hae
1265 505 1509 555 inimicitiae)

304 586 342 623 p.
374 577 457 621 102,
488 578 598 622 22ί23
628 574 698 624 (Az
726 572 999 622 dubitabitur;
1080 573 1128 611 B:
1157 572 1378 623 dubitatur)

304 652 342 689 p.
374 644 459 688 110,
512 644 535 678 4
628 640 697 690 (Ax
726 638 900 689 possim
1088 639 1139 677 B:
1168 639 1368 690 possunt),

179 705 328 754 quibus
355 706 451 744 locis
480 706 510 744 C
538 706 708 743 multum
736 705 841 743 valet
867 705 919 743 ad
945 705 1094 747 codicis
1137 705 1172 742 A
1207 705 1447 754 scripturam
1485 717 1672 753 compro-

185 771 375 811 bandam.

282 853 495 892 Praeterea
536 853 786 892 ostendimus
813 854 1011 902 sexagies
1055 854 1201 902 septies
1241 854 1272 891 B
1315 856 1352 891 et
1396 853 1426 891 C
1469 853 1672 901 scriptoris

180 920 303 959 verba
331 931 605 967 conservasse,
635 932 726 958 cum
754 920 790 958 A
817 921 1029 970 corruptus
1061 920 1122 959 sit.
1176 920 1353 974 Laborat
1390 919 1577 958 omnibus
1610 919 1672 957 his

180 986 277 1025 locis
304 986 432 1025 codex
458 987 494 1024 A
522 986 670 1036 apertis
698 987 919 1035 scripturae
946 986 1115 1034 mendis,
1144 989 1310 1035 excepto
1339 986 1405 1024 illo
1434 998 1471 1035 p.
1501 990 1562 1033 94,
1600 987 1673 1033 5s6‚

180 1052 266 1099 ubi,
303 1052 412 1102 quod
440 1052 492 1091 ad
519 1053 757 1092 sententiam
784 1053 973 1103 pertinet,
1014 1052 1161 1091 codicis
1188 1053 1224 1091 A
1253 1053 1386 1091 lectio:
1426 1065 1515 1101 ,non
1547 1057 1675 1090 tamen

178 1124 364 1168 constare,
392 1120 494 1157 inter
521 1131 580 1157 eos
600 1123 739 1169 potest,
767 1120 874 1158 idem
901 1119 1005 1158 valet
1034 1122 1154 1169 atque
1182 1120 1270 1158 libri
1290 1120 1320 1158 B
1340 1119 1552 1167 scriptura:
1581 1132 1670 1167 ,uon

178 1188 304 1223 tamen
332 1185 434 1224 inter
461 1197 522 1224 eos
548 1189 724 1224 constare
742 1190 891 1236 potest&
957 1185 1075 1233 Quod
1103 1186 1223 1234 igitur
1250 1186 1396 1232 Ritter,
1425 1197 1673 1234 quamquam

178 1250 323 1289 librum
339 1251 376 1289 A
403 1262 586 1289 summae
612 1242 860 1290 auctoritatis
888 1263 977 1290 esse
1005 1251 1110 1298 dicit,
1139 1251 1218 1289 hoc
1247 1251 1332 1290 loco
1353 1251 1533 1290 codicem
1554 1251 1585 1289 B
1610 1262 1673 1289 se-

180 1318 294 1355 cutus
330 1319 411 1364 est,
453 1317 639 1366 equidem
678 1329 771 1356 eum
806 1318 884 1356 hoc
911 1318 1051 1356 fecisse
1077 1318 1312 1366 putaverim,
1342 1318 1436 1367 quia
1464 1317 1495 1356 C
1522 1330 1613 1355 cum
1641 1318 1672 1355 B

180 1383 394 1432 conspirat.

281 1463 460 1514 Denique
488 1463 609 1511 locos
639 1464 705 1503 ubi
734 1464 844 1503 solus
882 1465 1009 1503 codex
1038 1464 1068 1503 C
1095 1476 1231 1503 veram
1258 1464 1467 1503 lectionem
1496 1464 1674 1513 praebet,

177 1530 499 1569 enumeravimus
544 1530 680 1579 viginti
725 1543 795 1569 sex
813 1532 858 1581 ¹).
928 1531 1141 1570 Praeterea
1187 1533 1322 1570 autem
1364 1530 1483 1569 huius
1526 1529 1673 1569 codicis

174 1596 391 1645 scripturas
418 1608 457 1645 p.
487 1600 546 1644 61,
579 1600 636 1644 15,
665 1596 732 1635 ubi
760 1596 921 1635 exhibet
963 1597 1035 1646 ‚vel
1060 1602 1225 1648 propter
1268 1597 1442 1648 aliquam
1482 1596 1673 1634 malitiam

175 1664 286 1701 vitae‘
314 1665 434 1712 atque
462 1675 499 1712 p.
519 1667 603 1710 104,
634 1666 796 1710 19-20,
823 1663 892 1701 ubi
920 1663 1040 1702 tradit
1066 1663 1289 1715 ‚quid'feci,
1317 1662 1420 1714 quod
1438 1662 1498 1700 illi
1514 1664 1672 1701 navium

178 1732 273 1778 erat,
300 1729 336 1765 si
361 1728 460 1766 nihil
486 1729 551 1767 ille
575 1728 753 1778 fedas-eff,
780 1728 1017 1768 lectionibus
1046 1729 1230 1768 codicum
1257 1730 1292 1767 A
1321 1732 1359 1767 et
1386 1729 1429 1775 Β,
1458 1729 1499 1766 in
1527 1729 1673 1777 quibus

176 1794 309 1844 priore
336 1794 425 1833 loco
461 1797 606 1833 exstat:
646 1795 716 1844 ,vel
745 1799 911 1846 propter
944 1795 1117 1846 aliquam
1146 1796 1294 1847 alioqui
1320 1796 1432 1833 vitae‘
1461 1798 1498 1833 et
1526 1794 1670 1833 altero:

176 1859 295 1908 ,Quid
331 1859 435 1909 feci?
477 1861 580 1911 quod
619 1861 822 1899 innoxium
859 1864 966 1910 erat,
983 1851 988 1856 ’
1005 1862 1040 1899 si
1067 1861 1167 1899 nihil
1192 1861 1258 1899 ille
1282 1861 1461 1910 fecisset‘,
1503 1862 1673 1899 fortasse

177 1926 459 1976 praeferendas
487 1939 593 1975 esse,
638 1927 771 1976 ipsum
799 1928 997 1966 Ritterum
1024 1939 1108 1967 non
1137 1928 1236 1977 fugit
1258 1929 1303 1977 ²).
1358 1927 1437 1966 Sed
1463 1939 1554 1966 mea
1581 1939 1673 1966 sen-

176 1994 301 2033 tentia
327 2006 365 2043 p.
396 1997 487 2040 104,
517 1998 668 2033 19-20
694 2006 778 2033 rem
805 1995 861 2033 ita
888 2007 931 2033 se
957 1995 1106 2033 habere
1128 2007 1202 2045 pro
1230 1997 1338 2034 certo
1367 1994 1608 2033 contendere
1636 1994 1672 2032 ei

175 2060 330 2100 licebat.
384 2060 503 2107 Quod
545 2073 625 2110 quo
662 2060 802 2099 melius
836 2061 1109 2111 intellegatur,
1155 2073 1239 2100 rem
1281 2061 1404 2111 paulo
1448 2061 1671 2100 accuratius

178 2138 390 2177 exponam.

276 2207 570 2257 Argumentum
612 2208 916 2248 declamationis
956 2210 1033 2248 hoc
1076 2212 1154 2248 est:
1208 2209 1285 2258 ,Ex
1322 2209 1476 2247 duabus
1507 2210 1672 2260 yeminis

176 2274 403 2312 adulescens
430 2274 594 2313 alteram
621 2277 760 2326 rapuit
788 2306 797 2314 .
826 2289 872 2315 ea
898 2288 937 2315 se
964 2276 1167 2327 suspendit
1184 2306 1193 2314 .
1210 2281 1328 2326 pater
1355 2276 1519 2314 alteram
1537 2275 1670 2314 eduxit

175 2340 229 2379 ad
256 2341 510 2391 maqistratus
538 2345 571 2379 et
589 2343 794 2392 praecepit
819 2342 893 2391 illi,
920 2346 963 2380 ut
989 2346 1147 2381 mortem
1174 2343 1347 2393 raptoris
1374 2346 1551 2393 optaret.
1570 2342 1669 2380 adu-

300 2505 324 2544 ι)
347 2504 395 2538 Cf.
416 2505 451 2538 h.
471 2514 592 2537 comm.
623 2515 652 2546 p.
685 2505 723 2537 19
753 2504 816 2546 (90,
839 2505 898 2544 16;
940 2505 992 2544 96,
1012 2505 1067 2544 28;
1112 2505 1181 2545 107,
1205 2506 1261 2544 14;
1306 2506 1375 2545 110,
1397 2506 1447 2545 Q)
1490 2509 1523 2537 et
1543 2515 1598 2547 pp.
1619 2505 1670 2544 20,
1718 2540 1722 2543 ,

177 2562 227 2594 22.
249 2562 299 2594 23.

300 2618 324 2658 ¹)
346 2616 394 2650 Cf.
416 2627 503 2659 quae
525 2617 564 2649 R.
587 2616 622 2650 in
644 2617 694 2649 ed.
714 2627 776 2650 sua
798 2618 840 2649 ad
860 2618 923 2650 hos
944 2618 1036 2651 locos
1057 2618 1244 2651 annotavit.
