1873 2804
923 115 970 155 14

189 208 363 250 conferri
385 211 558 262 possint,
586 215 660 251 eas
662 209 908 259 Quintiliani
934 224 1023 253 esse
1050 214 1171 263 negat
1196 213 1317 263 ‚nam‘
1342 212 1484 264 inquit,
1513 225 1613 263 ,eum
1628 212 1693 254 1:1⁹0

188 276 292 317 idem
337 278 424 327 fere
464 279 590 330 quod
600 278 745 318 ‘Seneca
786 279 834 319 de
871 283 955 319 arte
995 279 1154 320 dicendi
1185 284 1220 319 et
1246 279 1496 323 declaomm'di
1521 281 1693 331 sentiret,

190 345 292 382 certe
316 343 393 382 sibi
418 355 497 382 non
523 338 779 394 concessisset,
808 356 906 395 quae
932 344 1001 383 illo
1023 345 1294 396 adatipulante
1314 346 1536 397 vituperata
1555 349 1692 385 erant‘.

189 408 248 448 ΕΚ
266 421 347 461 qua
370 409 718 460 argumentatione
735 410 915 458 efficitur,
943 410 1165 450 secundum
1183 410 1423 453 Trabandtii
1439 411 1691 459 sententiam,

191 485 298 527 quae
342 476 496 516 Seneca
539 487 632 516 cum
668 476 761 516 filiis
797 477 882 516 suis
928 477 1283 517 communicaverit
1328 477 1688 517 controversiarum
1721 510 1723 513 .

188 543 369 584 themata
414 544 454 583 in
492 543 723 584 universum
769 555 852 584 non
892 544 1023 585 aliena
1052 538 1154 585 'esse
1193 557 1217 584 a
1255 539 1514 593 Quintiliano.
1564 544 1689 596 Atqui

187 610 298 660 apud
323 610 522 655 Senecam
562 609 758 649 nonnulla
784 609 964 650 themata
991 609 1164 659 exstant,
1193 623 1298 661 quae
1325 611 1469 674 eadem
1496 610 1688 650 indecla-

189 677 413 733 mationum
442 685 613 727 corpore
639 676 908 724 inveniuntur,
936 676 1047 716 velut
1072 676 1292 730 respondet
1709 680 1712 684 '

187 758 364 796 Senecae
383 756 429 796 11.
458 761 480 795 3
509 756 792 795 declamationi
822 760 896 795 349
959 736 1138 823 Senecae
1165 757 1228 797 VI.
1257 761 1280 796 5
1308 748 1589 797 declamationi
1614 761 1687 796 386

384 823 431 864 ΙΙ.
461 827 483 862 5
666 855 682 872 „
821 826 892 862 251
1057 831 1060 834 ’
1159 822 1222 864 VI.
1251 827 1294 863 6
1375 834 1385 862 .’
1452 853 1476 873 .,,
1612 828 1701 864 354

366 889 430 929 111.
460 893 482 927 9
666 919 680 935 „
820 892 896 928 380
1155 890 1273 929 1x.6
1433 898 1473 938 j„
1612 894 1684 929 381

185 971 338 1024 Neque
361 972 509 1012 desunt
543 971 585 1011 in
620 970 796 1012 Senecae
837 979 977 1023 opere,
1017 984 1284 1023 ,novercarum
1312 974 1531 1013 saevarum‘
1557 975 1685 1034 atque

182 1039 542 1090 ‚tyrannicidarum
563 1040 848 1089 praemiorum‘
878 1039 1072 1089 exempla,
1097 1039 1187 1078 dico
1216 1039 1281 1078 IX.
1309 1044 1353 1085 5;
1381 1039 1460 1079 IX
1475 1029 1516 1085 6;
1550 1028 1629 1078 ΙΙΙ.
1644 1043 1684 1086 6;

182 1106 245 1145 lv.
275 1110 315 1154 73
356 1105 422 1145 IX
450 1109 495 1153 4,
532 1115 678 1155 nempe
718 1116 823 1155 quae
863 1116 1028 1155 prorsus
1066 1104 1304 1153 Quintiliani
1334 1090 1560 1157 praeceptis
1588 1118 1684 1160 con·

182 1173 305 1213 traria
332 1185 421 1212 esse
449 1171 723 1211 Trahandtius
751 1168 969 1211 contendit.
1036 1172 1249 1212 Praeterea
1285 1174 1432 1232 multas
1472 1173 1573 1212 alias
1612 1174 1684 1212 Se-

183 1251 308 1279 necae
335 1238 643 1286 controversias,
671 1237 834 1278 velutl.
863 1242 899 1286 4,
929 1243 965 1289 5,
994 1242 1029 1287 6,
1058 1243 1097 1286 73
1125 1238 1195 1278 VII
1221 1243 1258 1288 4,
1286 1243 1309 1278 5
1332 1252 1415 1279 non
1432 1233 1568 1293 magis
1579 1240 1685 1280 vitae

181 1306 346 1345 veritati
364 1304 631 1355 respondere,
674 1316 797 1354 quam
836 1304 1045 1354 quodlibet
1071 1305 1414 1364 declamationum
1441 1306 1683 1356 exemplum,

180 1371 233 1412 ad
259 1361 434 1422 primum
464 1370 636 1421 quisque
662 1372 925 1421 conspectum
951 1370 1165 1411 comm
1210 1368 1408 1412 Sedhaec
1433 1372 1571 1412 omnia
1586 1384 1681 1423 pro·
1719 1404 1721 1406 .
1755 1363 1758 1365 V

177 1439 362 1479 feruntur
389 1436 561 1478 docendi
589 1443 715 1477 causa
740 1435 1034 1487 vituperatione
1060 1451 1143 1479 non
1170 1439 1333 1485 addita.
1373 1439 1479 1494 Ergo
1507 1452 1532 1479 a
1554 1431 1681 1487 Quin·

179 1505 318 1545 tiliano
332 1536 341 1553 ,
386 1504 539 1555 quippe
574 1515 643 1555 qm
675 1503 782 1543 idem
810 1504 890 1543 fere
918 1505 1028 1555 quod
1057 1505 1213 1544 Seneca
1238 1505 1289 1544 de
1316 1480 1570 1545 declamandi
1597 1508 1681 1561 arte

179 1573 364 1621 sentiret,
392 1571 707 1611 declamationes
735 1574 900 1622 propter
925 1571 1105 1611 themata
1131 1572 1173 1611 in
1200 1573 1297 1623 ipsis
1323 1575 1496 1613 tractata
1522 1573 1680 1613 abiudi-

178 1639 334 1679 candae
360 1650 443 1678 non
475 1641 582 1679 sunt.

265 1715 456 1770 'Propius
489 1712 542 1759 ad
579 1720 790 1759 veritatem
828 1720 985 1759 accedit
1009 1720 1172 1759 tertium
1201 1708 1438 1771 Trahandtii
1466 1722 1681 1770 argumen-

179 1791 282 1835 tum,
318 1799 401 1838 quo
436 1785 780 1825 declamationum
808 1790 955 1835 corpus
982 1783 1216 1833 Quintiliani
1230 1777 1326 1842 'non
1342 1774 1442 1826 esse
1467 1787 1682 1827 ostendere

179 1852 324 1893 studet.
365 1852 469 1892 Dicit
495 1851 602 1892 enim
629 1852 670 1891 in
698 1863 844 1892 comm.
873 1864 970 1892 suae
997 1865 1036 1903 p.
1064 1854 1177 1903 28129
1200 1848 1306 1903 ,cum
1334 1857 1461 1893 autem
1487 1855 1539 1892 sit
1557 1844 1681 1904 Qicin-

176 1920 342 1960 tilianus
367 1920 410 1958 in
437 1919 682 1958 institutione
708 1918 820 1958 homo
839 1917 1023 1971 prudens
1047 1918 1081 1959 εἰ
1111 1918 1202 1958 sani
1223 1919 1377 1969 iudicii,
1397 1915 1680 1971 postulandum

177 1991 244 2036 eat,
271 1990 315 2025 ut
340 1988 383 2024 in
410 1985 758 2025 declamationibus
785 1998 934 2038 quoque
959 1987 1171 2043 sententiae
1196 1998 1275 2025 non
1301 1987 1565 2036 inveniantur,
1593 1986 1680 2038 qm·-

176 2053 248 2093 bus
276 2053 521 2102 contrarium
547 2051 803 2091 ostendaturf
858 2051 973 2090 Certe
1014 2052 1160 2091 insana
1195 2055 1234 2090 et
1267 2052 1446 2091 absurda
1472 2063 1497 2091 a
1523 2052 1680 2099 Quinti-

176 2119 287 2159 liano
315 2105 465 2169 scripta
493 2130 577 2158 non
605 2129 696 2157 esse
731 2120 903 2157 constat.
971 2118 1050 2157 Sed
1087 2115 1338 2169 quamquam
1376 2112 1679 2170 concedendum

175 2187 250 2232 est,
277 2185 309 2222 si
338 2185 422 2224 non
451 2183 603 2231 omnia,
631 2185 675 2223 at
700 2186 808 2223 certe
833 2184 1030 2223 nonnulla
1057 2195 1221 2232 eorum,
1265 2195 1372 2234 quae
1403 2183 1678 2223 Trabandtius
1719 2182 1729 2213 Γ
1745 2183 1753 2211 -'
1807 2175 1809 2177 ¹

175 2251 286 2297 loco,
315 2261 436 2313 quem
464 2249 568 2297 dixi,
613 2249 731 2289 affert
769 2261 794 2289 a
832 2249 1083 2297 Quintiliano
1120 2236 1395 2289 abiudicanda
1433 2261 1541 2297 esse,
1585 2261 1677 2289 cum
1718 2246 1723 2293 s

175 2316 376 2377 eiusmodi
402 2315 505 2363 sint,
543 2317 590 2355 ut
625 2328 651 2356 a
678 2316 763 2355 viro
792 2316 880 2355 sani
908 2314 1045 2356 iudicii
1071 2316 1222 2381 scripta
1247 2318 1319 2355 aut
1345 2316 1469 2356 edita
1480 2328 1569 2370 esse
1595 2328 1677 2355 non

175 2383 351 2433 possint,
388 2385 522 2421 tamen
549 2382 643 2421 inde
669 2394 744 2432 pro
772 2385 880 2422 certo
909 2395 991 2421 non
1019 2382 1190 2422 efficitur
1217 2382 1258 2421 in
1286 2382 1348 2421 his
1375 2368 1677 2435 declamationi-

174 2449 251 2495 bus
280 2447 517 2497 Quintiliani
544 2447 642 2488 nihil
673 2447 816 2488 inesse.
869 2448 973 2489 Nam
1002 2460 1107 2500 cum,
1135 2448 1191 2487 id
1204 2448 1316 2499 quod
1343 2457 1468 2499 supra
1494 2448 1676 2499 exposui,

173 2517 215 2555 in
243 2515 385 2555 schola
413 2517 526 2554 ortae
553 2515 651 2563 sint,
680 2514 793 2555 facile
820 2515 906 2555 fieri
931 2505 1095 2567 potuit,
1108 2504 1153 2554 ut
1179 2515 1303 2555 verba
1330 2526 1355 2554 3
1381 2514 1542 2554 rhetore
1568 2514 1676 2555 dicta
1745 2529 1747 2531 ·

173 2585 245 2622 aut
271 2593 355 2621 non
383 2580 522 2620 omnia
549 2583 622 2619 aut
648 2592 731 2619 non
759 2581 833 2629 ita,
861 2584 906 2620 ut
933 2581 1043 2620 dicta
1069 2583 1200 2628 erant,
1237 2594 1262 2620 a
1285 2580 1491 2631 discipulis
1516 2581 1675 2620 interci·
1726 2581 1729 2584 ’

172 2650 378 2700 perentur.
432 2647 600 2687 Accedit
630 2646 740 2698 quod
757 2646 1072 2687 declamationes
1100 2659 1195 2695 non,
1223 2647 1364 2697 quales
1392 2646 1673 2697 dictatae‘sint,
