1873 2804
914 136 959 176 32

477 247 510 288 B
959 249 996 288 A
1334 249 1364 289 C

258 319 318 362 87,
349 319 398 353 ‘25
427 317 621 355 adversus
861 316 1006 354 advers
1228 317 1365 355 adveri

179 385 407 430 90‚26)91‚1
436 383 555 420 video
869 382 973 420 vidis
1228 382 1309 421 vidi

261 451 321 495 96,
352 452 397 485 21
429 448 470 486 hi
875 448 940 487 hic
1238 448 1264 487 ii

255 518 317 561 98,
347 518 393 551 17
423 515 512 563 quis
872 515 959 564 quit
1083 508 1085 511 ⁵
1235 516 1333 564 quid
1353 516 1384 565 1)

233 584 318 628 104,
349 584 371 618 2
426 580 467 618 hi
885 581 940 619 hii
1244 581 1269 632 ij

234 650 318 692 104,
347 650 371 683 4
424 647 466 683 hi
876 647 931 684 hii
1231 648 1256 697 ij

236 715 320 759 104,
351 715 372 749 6
428 711 524 761 quid
553 711 604 750 sit
632 723 755 750 causa
862 724 967 761 quae
994 725 1118 751 causa
1224 713 1334 762 quod
1363 713 1413 751 sit
1441 724 1564 752 causa

499 778 638 816 mortis
911 779 1051 817 mortis
1304 779 1457 819 mortis.

278 858 389 905 Quas
419 870 483 897 res
512 858 743 909 quicunque
771 871 907 898 secum
956 859 1212 910 reputaverit,
1257 860 1298 898 id
1337 863 1441 899 certe
1480 861 1684 908 concedet,

174 924 215 961 in
260 924 425 961 edendis
470 924 852 971 declamationibus,
908 926 1019 974 quod
1072 926 1234 974 quidem
1279 938 1326 963 ex
1370 926 1486 975 plene
1539 927 1686 965 collata

174 1002 314 1028 earum
342 993 457 1039 parte
485 990 733 1040 intellegitur,
763 1003 845 1029 non
873 991 1004 1030 solum
1033 991 1212 1030 codicem
1242 992 1289 1038 A,
1319 992 1389 1030 sed
1419 991 1537 1030 etiam
1556 991 1586 1030 C
1616 1004 1685 1031 co—

175 1056 252 1093 dici
281 1056 312 1093 B
342 1057 465 1094 multo
495 1059 715 1105 praestare.
769 1057 908 1105 Neque
936 1057 1065 1103 video,
1094 1058 1301 1105 quomodo
1339 1058 1478 1104 Ritter‚
1525 1069 1616 1096 cum
1644 1058 1684 1098 in

175 1122 297 1160 huius
345 1121 682 1161 declamationum
729 1122 854 1171 partis
893 1122 1107 1162 collatione
1133 1122 1246 1161 nisus
1292 1122 1440 1162 auxilio
1490 1122 1685 1172 Chigiani,

174 1188 269 1236 quia
298 1188 497 1225 artissime
525 1200 614 1226 cum
645 1189 876 1226 Monacensi
905 1190 1144 1226 coniunctus
1174 1189 1236 1235 sit,
1277 1189 1391 1227 facile
1419 1189 1546 1227 careri
1573 1189 1684 1235 dicit,

174 1254 413 1292 sententiam
444 1266 556 1292 suam
588 1254 855 1303 comprobare
882 1254 1021 1304 possit.
1078 1254 1120 1292 si
1150 1254 1314 1293 omnino
1343 1254 1469 1293 ullum
1489 1253 1682 1301 codicem,

173 1323 279 1359 certe
308 1320 436 1358 multo
468 1321 623 1358 minore
652 1321 802 1359 damno
831 1321 862 1358 B
892 1334 1010 1370 quam
1044 1321 1073 1359 C
1102 1321 1313 1370 neglegere
1351 1320 1386 1359 ei
1429 1321 1549 1367 licuit,
1593 1333 1683 1359 cum

171 1399 262 1426 raro
291 1388 330 1424 in
361 1387 500 1425 melius
529 1387 650 1436 idque
678 1387 776 1425 locis
824 1387 992 1425 minoris
1036 1387 1242 1434 momenti,
1290 1387 1361 1425 sed
1405 1398 1599 1436 persaepe
1641 1386 1680 1424 in

169 1453 283 1502 peius
313 1465 336 1491 a
364 1453 503 1492 ceteris
532 1453 740 1491 codicibus
769 1453 961 1492 discedat.

268 1535 350 1572 Iam
381 1534 597 1583 quaeritur,
626 1534 723 1583 quid
752 1534 801 1572 de
829 1534 1111 1573 coniunctione
1138 1534 1459 1584 cognationeque
1490 1534 1676 1572 codicum

169 1601 220 1638 sit
255 1601 483 1639 dicendum.

270 1683 328 1721 Ac
356 1682 529 1732 primum
560 1682 720 1732 quidem
752 1694 801 1721 ex
828 1682 927 1721 locis
956 1682 1099 1731 allatis,
1144 1682 1265 1732 idque
1305 1681 1488 1731 inprimis
1530 1693 1578 1720 ex
1615 1681 1674 1728 iis,

168 1749 318 1798 quibus
346 1752 385 1787 et
412 1749 480 1787 AB
511 1752 548 1787 et
572 1749 641 1787 AC
671 1752 708 1786 et
736 1749 802 1787 BC
831 1752 900 1788 aut
928 1750 968 1787 in
997 1750 1138 1793 melius
1183 1753 1253 1787 aut
1295 1749 1336 1786 in
1378 1749 1491 1799 peius
1535 1752 1676 1787 contra

168 1815 329 1852 tertium
376 1815 521 1853 librum
571 1814 818 1863 conspirant,
862 1815 1023 1853 abunde
1062 1817 1231 1864 apparet
1274 1825 1404 1863 neque
1463 1814 1565 1851 duos
1608 1825 1676 1851 co—

168 1880 277 1919 dices
322 1893 369 1919 ex
414 1880 532 1919 tertio
575 1891 706 1930 neque
753 1892 876 1919 unum
912 1892 959 1919 ex
1006 1881 1195 1919 alterutro
1235 1880 1284 1918 de
1313 1879 1452 1918 ceteris
1480 1879 1672 1928 originem

166 1947 343 1985 duxisse.

272 2028 350 2067 Sed
380 2028 471 2066 licet
499 2040 690 2066 numerus
716 2028 911 2074 locorum,
939 2027 1086 2077 quibus
1113 2026 1270 2066 codices
1296 2027 1399 2066 inter
1434 2038 1477 2065 se
1505 2026 1668 2073 distant,

167 2106 338 2141 magnus
366 2095 428 2141 sit,
456 2097 592 2132 tamen
620 2096 758 2131 tantus
786 2105 923 2131 eorum
952 2096 1013 2131 est
1039 2093 1077 2130 in
1108 2093 1242 2131 multis
1270 2093 1490 2141 scripturae
1515 2091 1669 2130 mendis

166 2171 402 2208 consensus,
429 2162 543 2198 tanta
572 2159 891 2208 corruptelarum
937 2158 1101 2197 maioris
1139 2158 1331 2197 momenti
1371 2157 1672 2207 congruentiam

169 2322 227 2355 illo
250 2322 363 2354 codice
386 2325 567 2361 exstarent,
589 2332 732 2363 quarum
757 2322 897 2355 alteram
920 2321 1046 2354 codicis
1068 2321 1093 2353 B
1116 2322 1256 2354 alteram
1279 2324 1312 2354 et
1341 2331 1416 2354 eam
1449 2320 1586 2362 quidem
1607 2321 1672 2353 for-

170 2383 259 2411 tasse
282 2389 323 2411 ex
346 2378 459 2411 codice
483 2379 511 2411 A
533 2379 671 2420 petitam
697 2379 822 2411 codicis
844 2379 869 2411 C
891 2379 1049 2411 librarius
1072 2377 1284 2411 exscriberet.

285 2449 311 2490 ¹)
335 2449 381 2480 Cf.
405 2450 437 2480 h.
460 2459 582 2481 comm.
604 2460 636 2490 p.
659 2450 708 2481 19.

287 2519 312 2561 ²)
335 2520 514 2553 Praeterea
536 2520 636 2561 quod,
659 2523 696 2552 ut
719 2520 755 2552 in
779 2521 812 2553 h.
836 2531 956 2553 comm.
980 2531 1011 2562 p.
1030 2520 1070 2552 23
1098 2523 1130 2552 et
1165 2519 1206 2552 24
1239 2519 1387 2562 exposui,
1416 2520 1567 2552 locorum
1599 2529 1669 2552 cor-

161 2580 350 2617 ruptorum,
385 2586 470 2617 quos
503 2576 611 2608 Ritter
644 2576 741 2616 signo
764 2577 803 2615 -l-
826 2576 989 2616 signavit,
1026 2576 1311 2616 duodesexaginta
1341 2576 1376 2607 in
1399 2575 1557 2608 omnibus
1577 2575 1672 2607 libris

162 2632 282 2664 iisdem
299 2631 420 2663 litteris
442 2631 629 2670 traduntur,
652 2631 687 2663 iu
710 2631 773 2663 hac
796 2640 900 2672 parva
936 2631 1221 2663 declamationum
1254 2634 1349 2672 parte
1383 2630 1513 2663 codices
1547 2630 1671 2672 pariter

160 2689 306 2729 corrupti
330 2691 408 2720 sunt
441 2688 495 2720 his
528 2688 753 2729 quadraginta
787 2687 893 2720 tribus
925 2687 1021 2719 locis:
1054 2687 1182 2726 35,18;
1223 2688 1274 2727 86,
1295 2687 1325 2725 8,
1347 2687 1406 2725 24;
1449 2687 1499 2726 87,
1523 2687 1577 2725 18;
1619 2686 1669 2734 89,
