1873 2804
932 85 955 121 9

198 178 318 214 ‘ratae
345 179 449 223 sunt,
476 178 546 224 ut,-
561 177 961 226 quae‘ouintilianus
988 178 1039 216 de
1064 177 1219 216 illorum
1258 177 1452 215 librorum
1483 186 1695 224 argumen-

198 241 250 281 tis
289 241 398 290 dicit,
448 242 508 282 ad·
545 254 613 283 eas
655 242 866 294 quadrent.
918 242 1085 283 Accedit
1124 242 1246 294 quod,
1288 243 1380 282 cum
1419 241 1693 290 Quintilianus

186 302 334 348 naret
359 308 526 347 alterum
555 310 712 353 illorum
739 310 837 348 artis
850 310 1085 348 rhetoricae
1112 309 1305 347 librorum
1332 319 1404 357 per
1436 307 1546 346 bidui
1589 311 1693 346 tem-

198 374 309 425 poris
334 375 522 425 spatium.
550 375 717 425 alterum
744 374 926 426 pluribus
953 374 1097 413 diebus
1129 386 1154 413 a
1187 373 1392 424 discipulis
1429 374 1692 423 interceptum

195 452 297 488 esse,
324 439 388 479 οδ·
403 441 601 491 temporis
626 441 835 493 angustias
858 440 1199 479 declamationum
1227 450 1377 489 corpus
1419 439 1472 477 illi
1517 438 1606 477 libri
1632 439 1693 477 in-

198 505 332 556 tellegi
358 509 575 557 nequeunt.

304 588 383 628 Sed
425 588 503 628 alia
542 583 704 639 quoque
744 601 799 636 re,
843 600 948 638 quae
983 585 1283 633 ‘Tmbandtium
1327 587 1485 637 'fugisse
1526 587 1694 634 videtur,

198 655 339 695 Ritteri
366 655 562 695 sententia
588 655 698 695 irrita
723 656 778 695 fit.
832 649 1049 696 contendit
1074 655 1181 695 enim
1216 655 1382 694 alterum
1422 655 1519 694 artis
1559 654 1694 693 rheto-

198 722 304 761 ricae
329 721 475 761 librum
502 722 688 769 minores,
733 734 835 772 quas
879 714 1038 770 vocant,
1086 721 1397 762 declamationes
1436 720 1692 760 continuisse.

199 788 324 839 Atqui
350 788 672 837 declamationes,
701 779 873 839 quarum
908 781 1025 840 nobis
1069 787 1189 828 tertia
1221 787 1441 828 admodum
1476 799 1571 837 pars
1615 799 1697 826 ser-

199 857 292 894 vata
319 857 390 903 est,
417 858 501 893 tum
529 848 620 893 cum
646 856 795 893 nullam
823 856 1019 894 iacturam
1044 855 1230 902 fecerant,
1256 854 1289 893 si
1313 856 1409 892 'non
1458 854 1610 892 maiore
1653 858 1694 892 at

201 923 305 960 certe
332 921 484 968 eadem,
514 933 595 971 qua
621 920 835 960 duodecim
862 921 953 960 inst.
981 924 1081 960 orat.
1110 920 1198 959 libri
1226 920 1488 969 amplitudine
1523 920 1694 959 fuerunt.

203 983 345 1025 Httteri
372 987 491 1037 igitur
517 987 706 1036 opinione
733 999 838 1026 unus
866 988 961 1027 artis
989 987 1212 1026 rhetoricae
1236 987 1336 1025 liber
1362 986 1572 1025 duodecim
1603 983 1692 1024 inst.

201 1057 301 1092 orat.
328 1053 450 1092 libros
479 1054 633 1092 ambitu
666 1056 876 1103 superasse
919 1054 981 1092 vel
1024 1054 1309 1102 aequiparasse
1351 1053 1518 1091 videtur.
1572 1048 1694 1106 Quod

198 1131 240 1159 re
266 1121 362 1159 vera
388 1119 473 1159 fieri
500 1119 690 1170 potuisse,
718 1119 947 1172 quicunque
974 1131 1107 1159 secum
1139 1118 1390 1172 reputaverit,
1419 1119 1513 1170 quid
1543 1121 1694 1158 veteres

198 1186 411 1236 scriptores
449 1187 537 1225 libri
565 1187 763 1226 vocabulo
792 1187 1116 1236 significaverint,
1161 1199 1235 1226 suo
1264 1187 1349 1225 iure
1392 1186 1566 1235 negabit.
1621 1186 1694 1224 So-

198 1254 279 1293 lent
307 1253 412 1293 enim
441 1265 588 1305 prosae
611 1247 809 1293 ¹orationis
836 1253 926 1293 libri
954 1266 1035 1293 non
1062 1253 1195 1293 minus
1223 1253 1327 1293 mille
1351 1256 1409 1292 'et
1452 1252 1693 1303 quingentos

201 1333 340 1358 versus
369 1333 499 1369 neque
515 1321 605 1370 plus
632 1320 708 1359 tria
735 1320 844 1359 milia
871 1333 1058 1359 versuum
1086 1321 1290 1359 continere
1310 1322 1362 1369 ¹).‘
1379 1321 1509 1366 Quem
1527 1320 1693 1358 modum

202 1385 473 1433 Quintilianus
500 1386 541 1425 in
574 1385 786 1437 partienda
834 1386 924 1426 inst.
969 1389 1066 1426 orat.
1114 1386 1413 1426 accuratissime
1456 1384 1694 1424 observavit.

201 1451 320 1499 Quod
346 1465 486 1492 verum
513 1465 601 1492 esse
627 1455 672 1492 ut
697 1453 847 1499 videas,
891 1464 1103 1492 numerum
1142 1453 1391 1502 singulorum
1433 1452 1519 1491 eius
1563 1451 1694 1501 operis

201 1518 394 1589 librorum
423 1530 609 1558 versuum
634 1519 775 1558 afferre
801 1519 899 1558 mihi
925 1519 1053 1558 liceat.
1108 1519 1275 1558 Constat

358 1600 457 1638 liber
483 1601 498 1638 I
574 1613 622 1638 ex
649 1602 750 1639 2748
1066 1601 1164 1639 liber
1189 1601 1257 1639 VII
1311 1612 1358 1638 ex
1388 1604 1487 1639 2025

398 1696 412 1711 ‚.
471 1666 505 1705 II
590 1697 603 1712 ,,
647 1670 746 1705 2217
1112 1698 1128 1714 „
1187 1667 1274 1706 VIII
1329 1697 1343 1713 „
1389 1670 1488 1706 2097

401 1762 415 1778 „
477 1733 527 1771 111
590 1764 605 1780 „
648 1737 748 1771 2334
1111 1764 1125 1780 ,,
1184 1735 1237 1773 IX
1325 1764 1342 1782 ‚‚
1383 1737 1481 1772 3013

404 1830 418 1846 „
478 1800 527 1838 IV
592 1830 607 1846 ‚,
653 1803 752 1839 1880
1111 1831 1127 1847 ,,
1184 1801 1221 1841 Χ
1324 1831 1340 1847 ,,
1385 1803 1485 1846 1880

406 1897 421 1912 ,,
478 1867 511 1904 V
594 1897 608 1912 ,,
651 1871 751 1906 2724
1115 1898 1129 1914 ‚,
1186 1868 1240 1905 XI
1328 1898 1343 1914 „
1384 1871 1484 1905 2334

404 1963 419 1979 ,,
478 1933 529 1973 VI
594 1965 608 1981 „
652 1937 749 1973 1832
1112 1963 1127 1979 „
1188 1933 1261 1973 XII
1317 1963 1333 1979 ,,
1379 1937 1479 1972 2073

202 2015 395 2054 versibus.
446 2016 626 2066 Apparet
655 2028 777 2055 unum
804 2015 948 2055 librum
974 2028 1127 2059 nonum
1154 2015 1357 2055 nonnullis
1399 2015 1578 2055 versibus
1607 2027 1694 2054 mo-

204 2082 300 2120 dum
330 2084 566 2122 consuetum
614 2082 798 2122 transire.
868 2083 946 2122 Sed
985 2082 1253 2130 Quintilianus
1296 2094 1378 2121 non
1418 2082 1695 2132 praetermisit,

202 2149 299 2198 quin
326 2149 401 2188 hac
427 2149 479 2188 de
504 2161 547 2188 re
572 2162 616 2188 se
642 2152 860 2190 excusaret.
914 2149 1016 2189 Dicit
1042 2149 1149 2190 enim
1186 2149 1226 2188 in
1266 2149 1445 2188 eiusdem
1482 2149 1579 2203 libri
1613 2161 1644 2188 c.
1672 2153 1696 2186 4

201 2218 226 2263 ξ
255 2218 354 2254 146’;
382 2216 532 2265 ,Finem
560 2217 756 2267 imponere
784 2229 931 2268 eyresso
959 2216 1196 2255 destinatum
1229 2216 1384 2254 modum
1430 2216 1617 2255 volumini
1640 2211 1697 2264 fe-

201 2282 348 2321 stinof.
381 2282 486 2332 Ergo
513 2282 603 2321 fieri
625 2295 708 2323 non
734 2283 865 2333 potuit
891 2285 936 2322 ut
968 2283 1008 2322 in
1052 2283 1414 2322 declamationibus
1459 2294 1697 2332 componen-

200 2348 263 2387 dis
290 2360 430 2387 omnes
457 2348 563 2397 leges
591 2348 641 2387 de
666 2349 859 2390 librorum
894 2349 1157 2400 amplitudine
1194 2349 1432 2388 constitutas
1472 2352 1593 2398 atque
1635 2348 1696 2386 in-

182 2416 401 2454 ·veteratas
428 2414 530 2453 adeo
558 2415 795 2464 neglegeret,
820 2418 877 2461 ut,
905 2427 996 2455 cum
1023 2415 1123 2454 liber
1149 2415 1271 2465 prior,
1299 2418 1439 2464 utpote
1481 2426 1551 2464 per
1585 2413 1696 2452 bidui

203 2481 394 2531 temporis
421 2480 597 2531 spatium
623 2481 842 2530 confectus,
872 2484 976 2521 certe
1004 2494 1084 2521 non
1112 2482 1283 2533 amplior
1309 2484 1425 2529 esset,
1471 2493 1593 2530 quam
1621 2480 1696 2518 mi-

325 2648 349 2688 ι)
373 2646 420 2680 Cf.
443 2647 534 2680 Birt:
564 2646 647 2686 ,Das
667 2647 780 2679 antikae
802 2646 999 2686 buehnoesen,
1029 2646 1147 2678 Berlin
1167 2645 1269 2686 1882‘,
1288 2655 1319 2687 p.
1341 2644 1401 2677 3OE
1422 2654 1495 2686 sqq.
