1873 2804
933 109 977 144 10

204 198 338 239 nimus
365 198 460 239 inst.
486 202 588 240 orat.
616 199 728 249 liber,
755 200 924 241 alterum
962 200 1086 240 totius
1129 199 1311 251 corporis
1353 199 1445 240 inst.
1490 202 1590 240 orat.
1617 212 1705 240 am-

198 264 385 314 plitudini
422 268 647 316 aequaret.

302 331 393 371 Sed
402 332 511 372 haec
535 332 757 381 hactenus;
785 333 948 373 confido
976 333 1092 372 enim>
1109 333 1201 375 inst.
1229 334 1342 382 orat.,
1359 344 1464 383 quos
1480 332 1578 379 dixi,
1604 332 1703 373 locis

200 396 344 437 harum
374 397 715 439 declamationum
742 400 986 439 mentionem
1013 400 1162 439 factam
1188 411 1269 438 non
1296 410 1397 439 esse.

303 464 388 503 Iam
415 476 510 503 vero
538 476 630 504 cum
659 465 929 512 Quintilianus
956 477 1007 504 ne
1035 466 1115 505 ullo
1143 465 1222 504 alio
1266 464 1432 515 quidem
1468 464 1560 505 inst.
1604 468 1705 504 orat.

200 530 292 570 loco
321 543 365 570 se
393 531 708 571 declamationes
737 534 809 571 aut
835 531 1126 582 conscripsisse
1153 533 1223 571 aut
1250 531 1424 571 edidisse
1450 530 1568 579 dicat,
1603 531 1706 573 Tra·

169 609 172 611 ·
199 597 391 636 bandtius
428 597 657 637 accuratius
696 597 871 648 inquirit,
911 609 1009 637 num
1054 597 1220 637 omnino
1264 597 1318 637 ibi
1360 609 1430 637 eas
1457 609 1705 637 commemo-

198 660 315 703 randi
343 664 504 703 occasio
542 664 790 717 Quintiliano
836 664 963 704 fuerit.
1018 664 1150 712 Quam
1186 665 1349 715 saepius
1391 665 1426 704 ei
1464 665 1587 704 fuisse
1629 677 1703 716 pro

197 741 292 768 vero
322 729 509 769 ostendit.
563 727 711 777 Qu‘are,
738 742 828 769 cum
859 730 1163 778 Quintilianum,
1192 731 1225 769 si
1253 722 1475 781 utrumque*
1487 743 1590 780 opus
1602 743 1700 770 con-

197 795 437 846 scripsisset,
464 796 505 835 in
534 796 659 836 altero
693 796 857 836 alterius
885 796 1147 836 mentionem·
1170 797 1366 836 facturum
1406 797 1528 836 fuisse
1564 797 1704 837 verisi-

197 862 291 902 mile
318 862 380 910 sit‚
408 862 684 902 Trabandtius
711 875 786 902 suo
814 863 898 902 iure
925 862 1024 902 mihi
1052 863 1294 902 contendere
1310 863 1467 902 videtur
1481 863 1535 914 ¹):
1565 863 1700 912 ,Quin-

198 929 382 970 tilianum
411 928 638 968 scribentem
665 930 755 968 inst.
784 933 883 968 orat.
912 929 1214 969 declamationes
1239 929 1367 980 ipsius
1391 942 1469 968 non
1501 933 1591 969 ante
1617 942 1704 969 ocu·

198 995 255 1034 los
281 995 475 1043 habuisse,
502 995 643 1047 quibus
668 996 710 1034 in
729 996 1015 1047 praecipiendo
1042 997 1242 1035 uteretur!

298 1061 454 1108 Quodsi
481 1062 604 1111 paulo
632 1064 726 1101 ante
745 1062 777 1113 ²)
804 1062 973 1101 eandem
1018 1062 1071 1101 oh
1125 1073 1289 1100 causam
1337 1062 1460 1101 ullum
1500 1062 1702 1101 vinculum

195 1128 448 1178 cognationis
475 1128 578 1168 inter
604 1128 813 1179 utriusque
854 1128 987 1178 operis
1026 1128 1240 1178 scriptores
1281 1128 1525 1168 intercedere
1567 1131 1700 1178 negat,

193 1194 284 1243 plus
309 1206 407 1233 vero
435 1194 654 1233 contendit.
707 1194 811 1234 Nam
838 1206 1090 1244 quamquam
1118 1194 1178 1242 iis,
1218 1206 1322 1244 quae
1348 1206 1471 1245 supra
1514 1194 1702 1242 diximus,

193 1260 495 1310 comprobatur,
523 1260 820 1308 Quintilianum
845 1260 976 1311 ipsum
1005 1260 1080 1299 has
1109 1260 1422 1300 declamationes
1450 1272 1582 1310 neque
1605 1272 1703 1300 con-

192 1325 399 1376 scripsisse
430 1336 561 1376 neque
588 1325 773 1373 edidisse,
799 1329 937 1365 tamen
964 1338 1033 1365 eas
1062 1326 1102 1365 in
1130 1325 1366 1373 Quintiliani
1406 1325 1545 1365 schola
1591 1328 1701 1365 ortas

192 1404 275 1432 non
304 1405 392 1431 esse
433 1404 507 1442 pro
535 1395 643 1432 certo
671 1392 913 1432 contendere
945 1392 1064 1432 nobis
1102 1404 1183 1432 non
1211 1392 1312 1431 licet.
1384 1392 1553 1431 Constat
1595 1392 1702 1432 enim

192 1458 498 1507 Quintilianum,
527 1459 602 1498 etsi
629 1459 809 1498 rhetores
835 1459 955 1498 nimis
992 1459 1032 1497 in
1077 1458 1210 1498 studio
1256 1458 1507 1497 declamandi
1550 1460 1701 1498 versari

192 1525 316 1564 vetuit
330 1525 362 1575 ³)
390 1527 525 1564 tamen
552 1525 754 1564 interdum
781 1525 823 1563 in
850 1525 989 1564 schola
1015 1525 1068 1563 ad
1095 1527 1311 1574 praecepta
1348 1524 1587 1564 illustranda
1629 1525 1698 1564 de-

192 1591 455 1631 clamationes
482 1590 684 1630 hahuisse.
728 1591 832 1630 Dicit
858 1591 965 1630 enim
999 1591 1040 1630 in
1067 1590 1158 1630 inst.
1187 1593 1286 1634 orat,
1314 1590 1395 1637 VII,
1422 1595 1458 1640 3,
1476 1594 1542 1629 30:
1575 1590 1699 1641 ,Illud

189 1658 356 1697 alterum
379 1670 504 1709 qenus
531 1670 605 1710 quo
642 1659 695 1697 sit
739 1657 990 1708 manifestius
1034 1657 1344 1697 adulescentibus
1387 1659 1482 1698 meis
1511 1688 1519 1697 .
1550 1688 1559 1696 .
1589 1688 1598 1696 .
1625 1657 1698 1696 hic

189 1737 337 1776 quoque
376 1724 490 1775 fictae
524 1725 807 1764 controversiae
840 1728 942 1763 utar
981 1724 1167 1775 exemplo‘
1210 1726 1250 1763 et
1284 1724 1326 1763 in
1367 1724 1456 1763 inst.
1499 1726 1599 1763 orat.
1628 1723 1693 1771 XI,

188 1794 226 1838 2,
241 1782 330 1829 39:
358 1790 487 1840 ‚Quod
512 1803 619 1830 meae
646 1802 795 1843 quoque
820 1791 1028 1829 memoriae
1054 1790 1358 1829 mediocritatem
1390 1790 1631 1842 sequebatur,
1658 1791 1695 1828 si

191 1856 351 1908 quando
388 1858 625 1896 interventus
668 1857 901 1907 aliquorum,
957 1858 1026 1908 qui
1075 1856 1177 1895 bunc
1224 1856 1404 1895 honorem
1441 1860 1692 1905 mererentur,

196 1924 340 1962 iterare
367 1922 664 1961 declamationis
682 1927 840 1974 partem
867 1923 1059 1973 coeqisset‚
1085 1935 1152 1961 nec
1179 1925 1234 1960 est
1260 1922 1460 1961 mendacio
1482 1922 1599 1971 locus,
1616 1922 1694 1960 sal-

197 1985 256 2028 vis
282 1990 352 2041 qui
377 1989 656 2042 interfuerunt‘
671 1990 717 2037 ⁴).

297 2055 439 2104 Itaque
472 2044 559 2094 fieri
586 2055 737 2105 potuit,
769 2057 825 2092 >ut
852 2053 1170 2093 declamationes
1208 2053 1303 2091 inde
1330 2053 1545 2100 orirentur,
1587 2053 1698 2102 quod

193 2121 414 2172 discipulus
437 2121 617 2172 quidam,
645 2132 750 2171 quae
766 2123 961 2170 tempore,
978 2131 1061 2170 quo
1079 2118 1312 2167 Quintiliani
1331 2118 1478 2158 scholis
1494 2118 1697 2166 intererat,

189 2188 246 2227 ab.
268 2188 335 2227 illo
363 2188 590 2227 declamata
617 2190 744 2236 erant,
771 2186 931 2236 collegit
957 2189 998 2226 et
1023 2188 1166 2235 postea
1191 2185 1327 2225 edidit.
1380 2185 1497 2225 Dicat
1526 2186 1695 2225 forsitan

189 2254 393 2303 quispiam
428 2252 592 2293 obstare
632 2254 724 2292 huic
765 2253 1020 2292 coniecturae
1058 2252 1229 2291 eandem
1273 2251 1566 2299 difficultatem,
1615 2263 1698 2301 qua

188 2332 314 2371 supra
346 2320 490 2359 Ritteri
516 2319 757 2359 sententiam
794 2318 953 2368 infringi
979 2318 1250 2364 ostendimus,
1284 2316 1373 2356 dico
1402 2317 1595 2366 temporis
1621 2329 1695 2357 an-

314 2476 404 2518 ¹)Cf
401 2478 452 2511 ..l
472 2479 492 2510 1.
516 2488 546 2520 p.
571 2478 619 2510 10.

313 2534 339 2570 ¹s)
361 2534 410 2566 Cf.
432 2534 454 2566 1.
475 2535 497 2572 1,
519 2544 550 2575 p.
571 2534 602 2566 8.

316 2589 462 2631 ⁸)Velut
483 2589 519 2621 in
542 2589 617 2621 inst.
639 2591 723 2621 orat.
745 2588 785 2627 11,
806 2588 858 2627 20,
878 2587 915 2626 4,
946 2587 985 2619 X.
1007 2587 1037 2625 5,
1061 2586 1195 2624 17—19;
1224 2586 1300 2619 XII.
1323 2587 1371 2625 ll,
1394 2586 1442 2618 15.

311 2646 339 2688 ⁴)
361 2645 452 2679 Idem
476 2654 637 2687 apparere
658 2644 789 2676 videtur
810 2654 850 2676 ex
871 2643 1040 2676 Iuvenalis
1061 2643 1128 2675 Sat.
1151 2642 1204 2675 VI.
1226 2642 1296 2675 280.
