1873 2804
901 75 922 108 8

160 170 225 204 art
262 166 331 204 des
373 167 590 215 versas-sors
638 167 843 205 ver-ratem!
895 166 1024 204 Immo
1067 167 1264 205 assentior
1306 165 1556 205 Trabandtio
1601 165 1664 204 di-

162 230 319 280 centi1)
348 230 492 271 eodem
519 231 616 281 iure,
644 244 726 283 quo
752 231 829 272 has
866 231 1192 280 declamationes,
1229 232 1405 273 Senecae
1436 233 1666 272 controver-

161 297 243 337 sias
268 298 518 345 Quintiliano
547 299 721 338 adscribi
748 299 877 346 licere,
905 310 996 338 cum
1025 300 1129 338 inter
1154 311 1223 338 eas
1251 311 1414 349 quoque
1440 298 1666 349 deprehen·
1694 319 1696 321 ·
1718 353 1719 356 Ἴ

161 364 322 412 dantur,
351 376 456 415 quae
494 364 659 404 eaedem
687 367 757 404 aut
784 365 934 405 similes
962 365 1002 404 in
1042 365 1165 405 instit.
1204 368 1304 405 orat.
1340 366 1535 405 tractatae
1574 364 1666 405 sint.

162 431 362 481 Denique,
393 431 487 471 inde
515 432 626 481 quod
654 432 695 471 in
722 434 897 481 utroque
923 444 1046 482 opere
1072 433 1122 471 de
1157 432 1299 472 eadem
1335 444 1377 471 re
1420 430 1561 471 eadem
1605 432 1668 471 in-

161 498 322 537 terdum
354 497 462 536 dicta
489 500 595 546 sunt,
624 497 722 536 nihil
751 498 846 537 certi
885 498 1064 538 efficitur.
1118 498 1207 538 Hoc
1245 492 1349 538 enim
1389 511 1437 537 eo
1482 498 1667 539 effectum

163 575 253 602 esse
281 566 426 613 potest,
480 563 591 613 quod
626 563 837 614 utriusque
887 565 1020 614 operis
1072 565 1249 615 scriptor
1298 564 1402 604 tertii
1456 564 1666 604 cuiusdam

163 629 369 679 scriptoris
398 641 520 680 opere
542 642 640 669 usus
668 632 740 669 est.
794 630 824 669 E
852 630 950 669 locis
980 630 1139 680 quidem
1169 643 1194 670 a
1222 630 1473 671 Trabandtio
1492 630 1622 670 allatis
1636 631 1669 681 ¹)

165 695 418 744 intellegitur,
446 708 505 743 ea,
543 707 649 746 quae
676 696 822 736 similia
850 697 889 734 in
918 699 1091 746 utroque
1117 708 1237 746 opere
1265 699 1434 745 exstant,
1479 697 1599 736 etiam
1629 697 1667 735 in

163 763 340 801 Senecae
377 762 631 813 aliorumque
663 763 952 802 'controversiis
1000 763 1250 802 scholasticis
1300 763 1480 802 inveniri.
1534 763 1669 811 Quare

164 829 228 868 ille
255 841 329 868 suo
356 828 442 868 iure
468 829 674 869 contendit
696 830 754 880 ³):
796 830 944 879 ,Solum
973 830 1076 881 quod
1103 829 1342 877 Quintiliani
1376 830 1588 880 proprium
1617 834 1671 869 est

169 899 204 934 et
244 895 348 947 quod
374 895 477 934 idem
519 896 561 933 in
603 895 950 935 declamationibus
990 896 1171 945 recurrit,
1214 895 1366 947 aliquid
1408 896 1672 934 demonstrare

159 964 312 1012 potest!
367 961 602 1000 Cuiusmodi
631 962 859 1012 exemplum
887 961 927 1000 in
956 962 1025 1009 eis,
1053 973 1157 1011 quae
1183 961 1313 1000 Ritter
1339 962 1392 1001 ad
1428 961 1666 1001 sententiam

166 1038 282 1065 suam
322 1027 668 1077 comprobandam
708 1027 877 1076 collegit,
915 1027 1116 1066 invenitur
1163 1027 1330 1066 nullum.
1393 1028 1606 1067 Praeterea
1633 1028 1666 1066 si

164 1092 228 1131 cui
254 1092 397 1131 Ritteri
425 1093 668 1132 sententiam
695 1093 838 1132 falsam
866 1105 954 1132 esse
980 1093 1056 1141 his,
1084 1104 1189 1143 quae
1215 1093 1403 1142 diximus,
1451 1105 1534 1133 non
1578 1106 1672 1145 pro-

165 1160 293 1206 betur,
321 1171 457 1198 nonne
483 1160 568 1199 fieri
596 1159 738 1209 potuit,
776 1163 821 1198 ut
847 1160 949 1198 alius
989 1160 1154 1210 quidam
1190 1160 1373 1210 scriptor,
1414 1160 1483 1210 qui
1528 1172 1672 1199 secun-

169 1225 267 1264 dum
311 1226 401 1264 inst.
447 1228 545 1265 orat.
585 1229 799 1278 praecepta
852 1226 1166 1265 declamationes
1212 1226 1492 1275 conscriberet,
1532 1227 1674 1266 eadem

166 1293 348 1332 themata
397 1293 574 1342 eligeret,
631 1293 795 1333 easdem
834 1294 1129 1333 controversias
1172 1296 1428 1343 proponeret,
1472 1293 1670 1333 similibus

165 1358 298 1397 verbis
325 1361 514 1407 uteretur,
544 1361 667 1409 atque
694 1359 735 1398 in
762 1359 829 1398 illo
859 1371 980 1409 opere
1008 1359 1260 1398 invenisset?
1298 1383 1343 1387 —
1392 1360 1498 1398 Sane
1525 1359 1670 1398 mirum

168 1426 340 1465 fortasse
366 1425 491 1465 videri
521 1428 665 1476 potest,
692 1426 802 1465 illum
833 1426 1069 1474 Quintiliani
1098 1426 1263 1465 omnino
1308 1426 1552 1465 mentionem
1592 1438 1675 1465 non

168 1493 330 1538 fecisse3
360 1493 431 1531 sed
459 1492 555 1542 quid
584 1492 730 1540 obstat,
759 1493 978 1542 quominus
1006 1505 1096 1531 eum
1126 1492 1294 1531 consilio
1317 1492 1379 1532 sui
1407 1492 1582 1542 auctoris
1601 1505 1674 1530 no-

168 1571 262 1598 men
292 1560 446 1598 celasse
473 1562 675 1610 putemus,
703 1571 786 1609 quo
815 1559 957 1598 melius
985 1560 1035 1598 de
1063 1558 1202 1598 litteris
1230 1559 1397 1598 meritus
1425 1558 1676 1597 haberetur?

272 1625 440 1664 Accedit
468 1625 579 1675 quod
608 1625 902 1673 Quintilianum
929 1625 989 1671 iis,
1019 1637 1122 1674 quos
1151 1625 1244 1671 dixi,
1286 1624 1386 1664 locis
1406 1626 1438 1672 4)
1486 1624 1561 1663 has
1605 1624 1673 1663 de-

170 1692 433 1732 clamationes
460 1692 709 1742 significasse
736 1692 968 1742 negandum
998 1695 1059 1731 est
1074 1694 1119 1742 ⁶).
1175 1692 1356 1731 Primum
1394 1691 1501 1730 enim
1537 1703 1600 1730 res
1628 1703 1677 1731 eo

172 1760 291 1799 valde
319 1760 443 1798 dubia
470 1760 527 1807 fit,
576 1759 700 1810 quod,
740 1759 773 1798 si
819 1759 963 1799 Ritteri
999 1759 1198 1798 sententia
1240 1761 1374 1806 staret,
1418 1770 1501 1797 non
1548 1758 1678 1797 solum

171 1827 396 1866 Trebellius
423 1826 552 1866 Pollio
580 1826 714 1866 verbis
742 1826 907 1865 minime
934 1826 1039 1876 aptis
1068 1838 1137 1865 eas
1167 1827 1525 1865 commemorasset
1538 1826 1584 1875 ⁶),
1607 1825 1679 1864 sed

169 1893 290 1932 etiam
318 1893 404 1942 ipse
432 1893 603 1942 scriptor
628 1892 794 1942 proprio
822 1892 986 1931 nominc
1014 1892 1199 1941 neglecto
1229 1891 1308 1930 alio
1336 1891 1425 1930 loco
1443 1891 1521 1930 alia
1538 1902 1675 1930 earum

172 1960 452 2009 designatione
479 1961 668 1998 uteretur.
723 1959 862 2009 Neque
889 1959 1008 2007 enim,
1037 1959 1076 1997 id
1105 1959 1216 2009 quod
1244 1957 1518 1997 Trabandtius
1544 1957 1675 2008 prima

170 2026 521 2065 commentationis
550 2037 648 2065 suae
676 2028 791 2075 parte
817 2026 920 2064 bene
946 2025 1133 2073 ostendit,
1177 2027 1248 2064 aut
1276 2024 1388 2064 notio
1428 2024 1674 2074 ,sermonum‘

172 2095 244 2132 aut
269 2093 395 2132 verba
421 2093 529 2142 ,libri
555 2093 658 2131 artis
683 2092 909 2132 rhetoricae‘
959 2093 1055 2142 apta
1082 2093 1188 2141 sunt,
1227 2091 1374 2142 quibus
1415 2090 1676 2130 declamatio-

174 2172 272 2199 num
300 2172 448 2209 corpus
475 2159 719 2209 designetur,
761 2171 892 2210 neque
920 2159 1033 2209 ipsae
1059 2158 1377 2198 declamationes
1420 2157 1476 2196 ita
1515 2168 1681 2207 compa-

297 2296 321 2335 l)
342 2295 379 2327 L.
401 2296 422 2327 l.
444 2305 475 2337 p.
499 2295 548 2327 18.

296 2351 320 2391 ²)
343 2351 379 2384 P.
401 2351 443 2383 24
463 2361 536 2392 sqq.

304 2408 327 2446 ⁸)
348 2408 388 2440 In
409 2417 441 2448 p.
463 2407 513 2439 20.

298 2464 325 2504 ⁴)
350 2463 397 2495 Cf.
421 2463 454 2496 h.
477 2472 599 2496 comm.
622 2473 652 2504 p.
675 2463 703 2495 7.

300 2520 325 2561 ⁶)
348 2520 397 2552 Cf.
417 2519 453 2552 F.
475 2518 625 2552 Meister:
658 2518 925 2559 philologischer
958 2518 1111 2559 anzeiger
1138 2517 1196 2549 des
1224 2516 1418 2557 philologus·
1441 2524 1508 2548 von
1536 2515 1681 2548 Leutsch

175 2578 249 2611 ΧΠ.
271 2577 363 2609 1882.
384 2587 416 2618 p.
437 2575 496 2608 531
521 2578 555 2608 et
576 2575 660 2608 XVI.
682 2585 714 2617 p.
736 2575 806 2607 126.

301 2634 327 2675 ⁶)
349 2632 399 2666 Cf.
421 2643 510 2675 quae
531 2632 573 2665 ad
595 2632 628 2664 h.
651 2641 772 2664 comm.
795 2641 826 2672 p.
850 2631 870 2663 6
891 2629 1066 2663 annotavi.
