1873 2804
905 78 948 123 ιε

208 182 213 187 ·
238 181 241 183 ·
285 167 392 216 Quin
430 169 573 213 retiam
616 170 854 214 Trabandtii
907 171 1107 211 sententia
1130 181 1136 187 ·
1158 171 1222 210 his
1275 170 1402 220 ipsius
1445 170 1577 219 verbis
1620 170 1681 211 in-

185 233 388 284 fringitur‚·
422 247 526 285 quae
561 236 602 275 in
640 248 784 276 comm.
818 249 914 277 suae
941 251 979 288 p.
1020 242 1064 275 17
1102 237 1302 286 leguntur:
1371 238 1508 285 ‚Porro
1534 238 1571 275 si
1595 251 1683 276 con-

187 301 396 340 troversiae
424 303 567 341 nostris
602 302 748 341 similes
782 307 897 354 atque
930 303 1033 342 adeo·
1064 302 1218 341 eaedem
1244 303 1287 340 in
1314 304 1559 341 institutione
1585 315 1684 341 com»

185 359 462 418 memorantur,
489 368 586 420 quid
611 369 655 407 id
681 369 852 408 mirum?
904 369 1177 418 Quintilianus
1210 369 1311 407 enim
1321 398 1332 417 ‚
1370 372 1414 406 ut
1452 372 1506 407 est
1537 381 1684 419 puero-

189 443 279 470 rum
304 430 613 483 amantissimus)
639 434 816 484 quamvis
842 446 952 471 omne
971 435 1220 484 proposit-um
1249 433 1378 483 operis
1405 446 1446 471 eo
1462 438 1615 483 spectet,
1643 439 1687 472 ut

187 501 318 536 orator
344 498 594 548 instituatur,
632 503 761 538 tamen
801 511 850 537 ne
875 498 972 550 quid
997 498 1164 537 studiosi
1185 499 1408 549 requirant,
1435 500 1551 536 etiam
1580 499 1685 551 quod

188 564 243 601 ad
266 564 436 603 scholam
456 567 636 621 pertinet>
668 566 852 616 proprie,
880 566 1053 604 omittere
1078 578 1155 603 non
1182 565 1287 614 vult,
1331 577 1405 617 quo
1440 564 1593 614 factum
1619 570 1686 615 est,

189 633 232 668 ut
259 630 455 669 interdum
482 632 778 681 controversias,
811 631 944 683 quales
977 632 1020 668 in
1046 630 1175 669 schola
1200 630 1449 681 finqebantur
1475 635 1509 669 et
1536 631 1684 671 adoles-

191 696 363 734 centibus
387 700 500 735 notae
522 701 645 746 erant,
671 698 712 735 in
742 697 954 748 exemplum
974 700 1235 748 proponeret.‘
1289 696 1393 735 Num
1421 696 1541 745 igitur
1557 697 1685 744 Quin-

189 760 341 808 tiliano,
380 773 470 799 cum
497 761 539 800 in
565 762 705 804 schola
732 764 944 812 praecepta
971 760 1048 800 sua
1071 762 1261 810 exemplis
1289 762 1512 809 illustraret,
1540 774 1679 801 amore

188 839 408 878 puerorum
444 831 626 877 permoto
657 819 713 867 'ne
745 840 815 867 sex
858 828 1022 878 quidem
1060 828 1252 878 exemplis
1279 825 1526 877 pestilentiae
1552 831 1592 867 et
1618 840 1681 867 re-

192 906 434 943 sponsorum
467 898 536 933 aut
572 907 836 934 novercarum
873 907 1085 934 saevarum
1111 895 1169 934 uti
1196 894 1681 943 licuissecontendemus,

193 962 428 1009 praesertim
461 973 553 999 cum
589 961 823 1010 saepissime
854 961 930 1000 hae
971 961 1164 1002 materiae
1206 973 1230 999 a
1273 961 1499 1000 rhetoribus
1540 964 1688 1000 tracta-

193 1029 356 1066 rentur?

292 1108 447 1155 Quodsi
475 1108 749 1148 Trabandtius
786 1112 945 1159 ‚ceteras
981 1109 1140 1156 autem‘,
1180 1107 1308 1158 inquit
1321 1109 1370 1157 1),
1412 1109 1588 1158 ,propius
1631 1108 1686 1146 ad

188 1175 385 1213 veritatem
413 1175 592 1214 accedere
617 1188 747 1223 nem0,
777 1170 853 1227 ⁴qui
886 1188 950 1214 eas
974 1174 1202 1225 perleqerit‚
1242 1174 1453 1213 contendet‘
1493 1173 1534 1212 in
1562 1173 1681 1222 idem,

191 1241 300 1289 quod
328 1241 368 1279 in
396 1241 548 1280 Rittero
575 1238 826 1291 vituperavit,
856 1241 995 1279 vitium
1018 1241 1168 1288 incidit,
1196 1252 1328 1290 neque
1350 1241 1430 1279 ullo
1450 1244 1570 1289 pacto
1587 1240 1686 1279 haec

189 1319 263 1345 sua
290 1304 411 1346 verba
454 1308 742 1358 comprobavIt.
804 1308 955 1346 Eodem
1000 1308 1084 1346 iure
1133 1307 1288 1348 Rittero
1330 1307 1462 1346 dicere
1514 1307 1623 1345 licuit
1642 1308 1686 1356 ἱ).

186 1373 277 1422 ,Die
305 1373 452 1412 themen
479 1374 570 1412 sind
596 1371 818 1425 verniinftiq
846 1374 942 1413 ohne
968 1373 1311 1422 iedeausnahme,
1336 1386 1459 1411 =zwar
1484 1386 1558 1411 von
1578 1377 1683 1424 pest-

187 1440 393 1478 kranlcheit
421 1440 504 1478 und
531 1438 856 1491 orakelsprvzch'en
880 1439 1013 1490 finden
1039 1440 1120 1478 sich·
1148 1440 1243 1478 zwei
1254 1440 1287 1489 ⁸)
1315 1439 1495 1490 beispiele
1529 1440 1571 1478 in
1591 1438 1685 1478 decl.

189 1506 267 1545 326
295 1506 377 1544 und
404 1504 511 1545 decl.⁴
525 1508 625 1555 384;
652 1506 746 1546 doch
774 1506 867 1546 dass
892 1507 1034 1546 solches
1060 1511 1174 1544 unter
1201 1506 1276 1544 145
1302 1505 1442 1544 Fu'llen
1469 1505 1690 1554 Quintilian

192 1573 298 1612 nicht
325 1574 501 1613 zweimal
526 1574 665 1613 k6nnte
690 1574 915 1626 zuyelassen
942 1573 1078 1623 haben,
1106 1573 1206 1612 *wird
1233 1572 1421 1612 niemand
1447 1572 1689 1624 behaupte-n‘.

290 1661 399 1700 Licet
434 1673 572 1700 verum
610 1647 659 1700 sit
697 1672 837 1699 omnes
874 1661 947 1699 has
978 1660 1290 1699 declamationes
1319 1672 1343 1698 a
1380 1661 1486 1699 vitae
1522 1660 1687 1699 veritate

194 1727 409 1766 abhorrere
435 1730 555 1777 atque
582 1728 839 1766 institutionis
866 1727 1064 1766 oratoriae
1081 1720 1304 1777 praeceptis
1321 1738 1555 1777 repugnare,
1585 1727 1681 1777 quid

192 1793 299 1832 dices
341 1794 391 1832 de
430 1793 491 1831 his
527 1793 669 1832 iisdem
707 1794 769 1832 vel
807 1793 1004 1832 similibus
1034 1793 1236 1843 exemplis,
1276 1805 1379 1842 quae
1407 1793 1457 1831 in·
1475 1793 1563 1843 ipsa
1589 1793 1681 1831 inst.

191 1860 585 1914 orat-inveniuntur,
614 1860 703 1899 dico
1310 1851 1312 1854 ’

279 1941 342 1981 IV.
396 1945 433 1990 2,
486 1945 536 1981 30
565 1958 611 1976 =
639 1942 739 1981 decl.
768 1945 841 1981 283
1030 1942 1110 1981 VH.
1163 1945 1200 1990 4,
1253 1945 1302 1980 39
1331 1957 1378 1975 =
1406 1940 1504 1982 dect
1532 1945 1607 1980 268

298 2009 344 2048 V.
374 2013 433 2058 10,
464 2012 538 2048 104
565 2026 613 2043 =
695 2039 710 2056 .,
768 2012 850 2056 284,
1049 2008 1116 2048 lx.
1168 2012 1224 2058 2,,
1258 2012 1308 2048 90
1335 2024 1383 2043 =
1465 2039 1481 2057 ‚
1535 2010 1638 2049 349?

266 2075 345 2123 vn.
400 2080 434 2124 1,
488 2078 537 2114 38
564 2092 613 2110 =
698 2106 714 2124 ,,
770 2079 845 2115 268
1533 2074 1535 2077 ·

189 2158 325 2197 Affert-
342 2160 551 2208 praeterea
579 2158 851 2198 Trabandtius
879 2159 919 2197 in
946 2170 1093 2198 comm.
1120 2171 1160 2210 p.
1189 2162 1236 2196 32
1265 2154 1369 2197 duos
1387 2158 1562 2197 Senecae
1589 2169 1687 2196 con-

189 2225 474 2265 troversiarum
508 2225 632 2273 locos,
671 2225 817 2276 quibus
858 2226 1010 2265 Seneca
1035 2225 1312 2265 consentiente
1354 2224 1525 2264 rhetoris
1553 2224 1687 2263 cuius—

191 2292 285 2332 dam
312 2292 436 2331 verba
458 2292 746 2343 vituperantur.
800 2293 924 2343 Atqui
952 2304 1045 2331 cum
1071 2292 1112 2331 in
1139 2292 1201 2331 his
1230 2291 1593 2331 declamationibus
1615 2291 1685 2329 de-

190 2359 510 2409 prehendantur,
554 2371 658 2408 quae
701 2371 793 2398 cum
827 2359 1081 2409 reprehensis
1108 2359 1325 2398 enuntiatis
1354 2358 1534 2408 quodam
1561 2357 1685 2397 modo

313 2512 338 2550 ¹)
360 2509 395 2541 L.
418 2510 438 2541 l.
460 2519 490 2550 p.
513 2510 563 2541 28.

316 2565 342 2606 ²)
362 2565 399 2598 L.
421 2566 442 2598 1.
465 2576 496 2607 p.
519 2565 590 2598 222.

314 2623 338 2663 ⁰)
360 2623 568 2656 Declamatio
588 2622 650 2654 329
672 2632 747 2655 eum
771 2622 894 2665 fugisse
917 2623 1056 2657 videtur.
