1873 2804
913 128 958 160 28

175 215 321 254 lescens
350 218 508 267 putavit
546 230 630 256 eam
672 230 751 256 esse
784 230 900 269 quam
928 223 1117 268 rapuerat
1147 247 1155 255 .
1185 217 1277 255 duci
1305 229 1390 255 eum
1417 217 1533 255 iussit
1559 216 1682 266 Μαρί-

175 285 327 320 stratus
356 312 364 321 .
392 288 526 333 postea
553 288 789 334 compertum
832 288 902 333 est,
942 283 1037 334 quid
1070 282 1275 322 accidisset
1302 312 1311 320 .
1336 286 1544 322 accusatur
1567 285 1683 332 pater

182 348 287 398 quod
314 361 434 387 causa
462 350 598 386 mortis
622 349 771 398 fuerit‘.
827 350 948 387 Pater
975 351 1109 388 autem
1134 360 1176 386 se
1209 348 1428 387 defendens
1457 347 1563 395 dicit,
1592 358 1683 386 cum

176 412 263 461 lege
290 413 601 462 praescribatur,
630 416 692 453 ut:
729 416 812 466 ,qui
839 427 960 453 causa
988 415 1123 453 mortis
1148 414 1284 464 fuerit,
1313 413 1438 464 capite
1458 413 1680 464 puniatur‘‚
1705 442 1709 445 ,

175 491 342 518 causam
369 480 510 521 mortis
539 480 579 518 id
606 481 738 519 solum
766 481 1075 530 intellegendum
1104 492 1207 528 esse,
1243 480 1352 529 quont
1387 479 1540 518 homini
1568 491 1680 518 mor-

174 548 255 583 tem
284 546 471 592 attulerit,
499 559 581 595 quo
608 547 732 585 homo
761 547 960 596 periturus
988 548 1116 593 fuerit,
1145 546 1299 586 etiamsi
1329 545 1427 584 nihil
1456 546 1541 595 ipse
1563 545 1679 583 fecis-

174 613 244 649 set.
323 611 475 649 Deinde
519 612 647 651 fusius
691 613 879 662 exponit,
923 625 990 659 eo,
1038 613 1147 662 quod
1189 612 1275 662 ipse
1322 601 1475 658 fecerit,
1521 622 1593 659 per
1636 623 1680 649 se

173 679 346 715 mortem
373 676 527 715 homini
556 678 687 716 afferri
716 690 798 716 non
834 678 1026 728 potuisse.
1080 678 1214 727 Atque
1252 690 1342 726 ,non
1373 689 1536 727 possum
1580 679 1678 726 erqo‘

171 743 301 792 inquit
338 756 473 792 ,causa
510 744 648 782 mortis
677 744 826 782 homini
858 744 1007 793 fuisse‘.
1067 744 1157 783 Jam
1200 746 1423 793 sequuntur
1450 755 1498 782 ea
1540 742 1675 789 verba,

173 809 223 847 de
251 809 398 858 quibus
426 810 595 857 agimus.
650 811 708 848 Ac
736 810 911 860 primum
939 810 1035 848 mihi
1064 810 1246 859 displicet
1273 810 1314 848 in
1331 809 1517 848 codicum
1534 809 1568 847 A
1587 808 1674 846 etB

172 875 341 913 lectione
368 876 643 926 interrogatio,
670 877 780 927 ,quid
804 877 922 926 feci?‘
942 907 951 924 ‚
994 889 1090 915 nam
1133 876 1284 926 aliquid
1326 888 1369 914 se
1409 876 1547 914 fecisse
1590 875 1676 923 ipse

172 945 292 981 antea
347 943 555 981 concessit.
626 943 798 990 Deinde,
841 956 934 982 cum
975 943 1172 992 imprimis
1216 942 1257 982 id
1299 945 1408 993 agat,
1457 945 1520 989 ut,
1565 941 1676 991 quod

170 1008 324 1054 fecerit,
353 1009 503 1058 raptori
533 1009 587 1047 illi
615 1009 823 1048 innoxium
851 1010 972 1048 fuisse
1000 1010 1265 1055 demonstret,
1314 1011 1406 1048 ante
1433 1009 1676 1047 vocabulum

171 1075 379 1113 innoxium
407 1076 567 1114 dativus
596 1077 657 1124 ,ei‘
685 1077 747 1114 vel
775 1077 859 1125 ,illi‘
890 1076 1152 1115 desideratur.

275 1141 390 1187 Quae
409 1142 653 1180 offensiones
680 1142 720 1180 in
748 1142 895 1180 codicis
925 1142 955 1180 C
982 1143 1178 1191 scriptura
1212 1142 1376 1180 minime
1404 1141 1671 1181 inveniuntur.

171 1208 275 1246 Nam
302 1220 394 1246 cum
421 1207 461 1245 in
490 1220 537 1246 eo
556 1208 722 1257 legatur,
749 1208 861 1259 ‚quid
886 1208 965 1258 feci
992 1208 1095 1260 quod
1123 1209 1184 1247 illi
1200 1209 1359 1247 noxium
1389 1212 1484 1256 erat,
1512 1209 1547 1245 si
1575 1207 1675 1246 nihil

173 1274 240 1311 ille
284 1273 481 1321 fecisset?‘
526 1274 588 1311 his
622 1274 754 1311 verbis
792 1274 868 1311 hoc
897 1274 1156 1322 significatur,
1200 1274 1314 1322 ,nihil
1339 1274 1430 1322 feci,
1472 1274 1574 1324 quod
1615 1274 1675 1310 illi

170 1340 331 1377 noxium
354 1343 449 1388 erat,
479 1340 514 1377 si
531 1339 630 1377 nihil
658 1339 722 1377 ille
747 1339 927 1389 fecisset,‘
956 1352 1061 1389 quae
1088 1339 1287 1378 sententia
1315 1338 1446 1377 verbis
1475 1350 1579 1388 quae
1607 1351 1671 1377 se-

171 1408 350 1455 quuntur
376 1406 603 1445 accuratius
626 1406 847 1455 explicatur
913 1445 919 1449 ,

274 1472 363 1511 Jam
391 1484 485 1511 vero
515 1485 552 1522 p.
583 1475 674 1520 370,
722 1476 765 1510 11
783 1503 791 1519 ,
839 1472 902 1511 cui
931 1472 1020 1511 loco
1047 1475 1091 1510 ut
1119 1473 1332 1522 desperato
1362 1472 1489 1511 Ritter
1516 1472 1674 1522 signum

170 1542 219 1587 —}-
258 1539 493 1588 adscripsit,
555 1539 705 1578 codicis
745 1540 775 1578 C
821 1539 980 1578 lectioni
1019 1539 1252 1590 ‚probatum‘
1294 1539 1389 1578 nihil
1429 1539 1673 1578 difficultatis

171 1605 274 1643 inest
298 1605 338 1655 ¹).
394 1606 423 1643 Ε
457 1605 657 1643 sententia
696 1605 772 1644 loci
806 1605 912 1643 enim
947 1605 1143 1643 eiusmodi
1181 1605 1329 1654 aliquid
1372 1605 1539 1643 verbum
1568 1605 1674 1643 desi—

171 1670 344 1709 deratur.
1056 1706 1058 1708 .

273 1737 376 1775 Sunt
402 1736 522 1785 igitur
548 1737 588 1775 in
616 1736 693 1775 hac
730 1736 1070 1775 declamationum
1110 1739 1224 1785 parte
1262 1739 1422 1775 centum
1451 1736 1673 1785 nonaginta

169 1805 249 1841 tres
278 1802 372 1851 loci,
424 1802 569 1853 quibus
597 1802 638 1841 in
665 1802 803 1841 codice
831 1802 862 1841 C
890 1805 959 1841 aut
985 1805 1127 1841 contra
1154 1802 1464 1841 alterumutrum
1492 1801 1671 1841 codicem

170 1854 239 1908 aut
267 1873 407 1908 contra
435 1870 650 1908 amborum
694 1870 976 1908 auctoritatem
1014 1870 1220 1919 scriptoris
1264 1869 1387 1908 verba
1432 1872 1672 1908 conservata

170 1939 275 1974 sunt.
331 1936 490 1986 Itaque,
539 1948 629 1974 cum
673 1935 838 1974 omnino
882 1935 1069 1974 trecentis
1113 1936 1383 1985 quadraginta
1415 1935 1543 1973 tribus
1573 1935 1671 1973 locis

170 2002 466 2052 discrepantiae
494 2003 534 2041 in
563 2002 771 2041 codicibus
799 2004 978 2049 exstent,
1008 2005 1169 2041 centum
1198 2002 1489 2052 quinquaginta
1515 2003 1672 2040 tantum

169 2071 391 2115 remanent,
419 2069 488 2106 ubi
516 2068 546 2106 C
575 2068 812 2117 corruptelis
839 2068 995 2106 laborat
1016 2068 1060 2116 ²).
1116 2069 1218 2106 Sunt
1245 2070 1379 2106 autem
1407 2067 1483 2105 hae
1507 2079 1672 2117 corrup-

294 2229 318 2268 ¹)
342 2230 401 2267 Cf„
423 2241 509 2271 quae
532 2231 596 2263 hac
619 2231 660 2263 de
681 2241 716 2263 re
741 2231 775 2263 C.
797 2231 838 2263 de
861 2230 1037 2263 Morawski
1059 2231 1139 2262 dicit
1160 2230 1183 2262 l.
1206 2231 1226 2262 l.
1248 2241 1278 2271 p.
1303 2230 1393 2262 1101.

293 2287 317 2324 ²)
342 2286 389 2318 Cf.
425 2287 458 2317 h,
493 2297 614 2319 comm.
651 2297 704 2328 pp.
737 2287 788 2324 20,
814 2287 864 2325 21,
893 2287 954 2323 22,.
998 2287 1088 2324 Loci,
1111 2286 1234 2327 quihus
1258 2287 1282 2318 C
1312 2285 1347 2317 in
1381 2286 1476 2328 peius
1504 2288 1620 2318 contra.
1642 2286 1671 2317 A

170 2345 203 2374 et
241 2342 268 2374 B
304 2342 394 2382 facit,
427 2343 462 2375 hi
498 2346 600 2376 sunt:
643 2343 694 2383 33,
725 2344 756 2382 8,
789 2344 844 2376 17:
889 2343 940 2382 34,
970 2343 999 2382 5,
1022 2342 1077 2378 18;
1120 2342 1171 2383 35,
1192 2342 1222 2381 3,
1242 2342 1298 2378 24:
1342 2342 1392 2382 86,
1416 2342 1474 2375 12;
1517 2342 1567 2381 87,
1590 2341 1672 2381 7,8.

168 2399 220 2435 88,
243 2400 277 2435 2:
320 2399 371 2435 88,
393 2399 432 2436 4;
475 2399 694 2438 90,19—20;
737 2401 788 2439 92,
810 2401 873 2437 26;
916 2400 966 2437 93,
987 2399 1183 2437 6;94,19;
1230 2399 1279 2437 96,
1304 2400 1352 2438 18,
1374 2399 1424 2437 21,
1445 2399 1500 2436 27;
1542 2399 1593 2437 97,
1617 2398 1672 2436 l3;

168 2454 218 2492 99,
239 2454 269 2492 6,
294 2455 347 2490 19;
392 2454 461 2492 100,
481 2454 517 2492 9;
562 2455 631 2493 100,
654 2456 712 2494 16;
757 2455 826 2494 101,
849 2454 981 2493 18-19,
1011 2455 1070 2492 26;
1128 2454 1197 2492 102,
1220 2455 1258 2492 1;
1314 2453 1383 2492 103,
1405 2454 1466 2490 25;
1522 2453 1591 2492 103,
1614 2453 1671 2492 26;

170 2511 239 2549 104,
260 2512 305 2549 6;
359 2511 428 2550 105,
462 2512 496 2550 7;
541 2512 610 2550 106,
637 2512 782 2548 25-26;
834 2512 903 2550 107,
926 2511 955 2549 9,
983 2511 1030 2548 13,
1055 2512 1116 2546 17;
1170 2510 1238 2549 108,
1273 2511 1321 2549 16,
1350 2511 1401 2550 20,
1422 2510 1480 2549 24;
1526 2510 1594 2550 109,
1617 2511 1671 2549 123

118 2587 121 2589 -
170 2567 239 2605 109,
260 2567 316 2604 21;
363 2568 431 2604 110,
453 2567 496 2604 9;
557 2568 625 2606 111,
653 2567 683 2606 6,
713 2567 761 2605 15,
797 2567 930 2605 19—20,
951 2566 1016 2604 24;
1074 2567 1144 2605 112,
1165 2566 1273 2604 4-5;
1331 2566 1401 2605 113,
1422 2567 1451 2599 2.
1495 2566 1672 2599 Praeterea

168 2625 234 2656 huc
256 2624 342 2656 adde
370 2624 461 2656 locos
502 2634 555 2666 pp.
588 2623 639 2663 33,
677 2623 732 2662 293
766 2623 817 2662 89,
854 2623 904 2655 22.
951 2641 987 2645 -
1028 2622 1152 2661 32,24;
1194 2622 1244 2661 33,
1266 2622 1305 2661 3;
1347 2623 1396 2660 87,
1433 2622 1492 2660 24;
1536 2622 1586 2661 97,
1611 2623 1670 2661 21;

170 2680 239 2719 106,
261 2679 309 2713 15.
