1873 2804
175 164 296 203 tionis
322 176 467 204 censor
496 165 673 215 quidam,
703 167 771 217 qui
798 179 947 207 nomen
976 179 1093 207 suum
1121 166 1261 207 litteris
1287 167 1362 217 ,hr‘
1385 166 1541 207 notavit
1553 167 1586 216 ¹)
1606 174 1677 206 ne*-

177 233 382 279 gaverunt.
438 231 520 270 Sed
563 244 653 271 cum
692 234 999 282 argumentatio,
1028 245 1110 284 qua
1136 233 1248 272 nisus
1286 228 1559 272 Trabandtius
1601 232 1677 272 has

175 297 492 337 declamationes
536 310 560 337 a
597 299 845 346 Quintiliano
889 300 1144 347 abiudicavit,
1190 299 1287 338 mihi
1329 299 1592 351 improbetur,
1637 300 1677 337 et

177 363 392 404 Moraxvski
420 367 459 404 et
486 377 629 404 censor
654 365 719 405 ille
746 379 987 417 anonymuS,
1015 379 1136 417 quam
1154 366 1379 416 tetigerunt,
1397 364 1676 416 quaestionem

174 429 215 467 in
244 429 368 469 dubio
395 430 642 481 reliquerint,
669 443 755 470 rem
783 432 917 471 denuo
944 435 1118 472 tractare
1143 432 1240 471 mihi
1275 431 1481 482 proposui.
1527 448 1530 451 ’

277 497 670 537 Commentationem
698 511 793 538 vero
821 500 877 538 ita
904 499 1124 546 instituam,
1161 502 1205 538 ut
1244 498 1428 549 primum,
1468 497 1527 545 iis,
1572 509 1677 547 quae

174 562 225 600 de
252 562 593 601 declamationum
621 564 775 613 origine
801 565 908 603 dicta
935 567 1042 609 sunt,
1071 564 1274 603 recensitis
1302 566 1425 614 atque
1451 563 1505 603 ad
1531 562 1675 602 Ritteri

172 631 412 677 argumenta
439 629 691 678 infringenda
736 629 941 669 nonnullis
985 630 1144 677 additis,
1184 642 1340 678 causas,
1368 632 1532 680 propter
1574 640 1675 679 quas

171 694 443 733 Trabandtius
486 695 799 734 declamationes
847 696 1081 743 Quintiliani
1119 708 1208 734 esse
1249 699 1398 750 negat,
1422 696 1553 735 sutiles
1587 707 1676 734 esse

170 760 443 799 demonstrem
466 760 508 811 ¹),
538 760 683 800 deinde
709 762 911 801 Ritterum
939 762 988 800 de
1027 774 1108 801 uno
1153 774 1203 801 ex
1240 761 1488 801 conservatis
1527 761 1676 801 codici-

170 827 245 865 bus
272 826 438 866 omnino
465 827 566 867 falso
600 827 801 868 iudicasse
838 829 1061 868 ostendam.

272 894 316 931 In
343 894 555 932 afferendis
582 894 680 933 locis
698 894 1037 934 declamationum
1066 897 1227 934 secutus
1254 907 1345 933 sum
1361 894 1503 933 Ritteri
1527 893 1672 933 editio-

170 971 275 1007 nem,
305 959 345 998 in
374 959 615 999 denotandis
649 960 910 1000 institutionis
949 960 1149 1000 oratoriae
1190 960 1288 1000 locis
1328 971 1424 999 usus
1451 971 1542 999 sum
1584 958 1667 998 edi-

170 1025 280 1064 tione
307 1025 585 1073 Bonnelliana,
612 1039 716 1076 quae
742 1027 899 1076 Lipsiae
930 1030 1027 1065 1884
1057 1027 1098 1065 in
1125 1027 1253 1065 lucem
1286 1026 1445 1077 prodiit.

905 1204 940 1252 Ι.

266 1295 309 1334 In
338 1296 448 1334 libris
476 1308 600 1335 manu
628 1297 785 1346 scriptis
813 1298 863 1336 de
891 1298 1032 1336 harum
1062 1297 1398 1337 declamationum
1421 1296 1574 1346 origine
1592 1296 1664 1335 *ni-

164 1361 219 1399 hil
248 1362 404 1410 dicitur,
431 1374 563 1411 neque
589 1363 699 1411 apud
727 1365 879 1401 veteres
906 1364 1119 1411 scriptores
1146 1364 1191 1401 fit
1208 1363 1288 1401 ulla
1304 1375 1440 1401 earum
1454 1362 1604 1405 mentio
1618 1363 1662 1412 ³).

289 1526 313 1560 ¹)
334 1526 382 1557 Cf.
404 1526 559 1559 Blaetter.
581 1527 603 1558 f.
625 1526 655 1558 d.
678 1527 770 1567 bayr.
790 1526 1098 1567 Gymnasialwesen
1120 1526 1205 1558 XXI.
1230 1526 1307 1557 1885
1325 1536 1356 1567 p.
1379 1525 1503 1565 419s20.

288 1597 313 1632 ²)
338 1597 536 1629 Trabandtii
564 1597 764 1630 sententiam
791 1597 931 1630 omnino
953 1597 1134 1639 amplexati
1156 1600 1250 1629 sunt:
1274 1597 1313 1629 A.
1334 1597 1459 1629 Reuter
1480 1596 1529 1636 (in
1551 1605 1671 1632 comm.

164 1665 199 1691 s.,
223 1664 326 1694 quam
347 1654 388 1685 de
411 1653 613 1693 Quintiliani
635 1653 732 1691 libro,
759 1653 817 1694 qui
840 1653 903 1685 fuit
925 1654 966 1685 de
988 1652 1100 1685 causis
1129 1656 1306 1695 corruptae
1328 1652 1554 1694 eloquentiae,
1588 1652 1668 1683 Vra-

163 1710 317 1741 tislaviae
341 1709 431 1747 1887,
454 1709 662 1750 conscripsit,
685 1720 713 1751 p.
738 1710 780 1746 6.)
803 1713 836 1741 et
856 1709 891 1741 F.
905 1709 1034 1741 Becher
1056 1709 1374 1750 (cffihhmsbericht
1395 1701 1479 1740 iiber
1513 1707 1567 1739 die
1591 1708 1668 1740 fort·

162 1765 300 1797 schritte
321 1765 379 1797 der
400 1765 607 1797 klassischen
629 1765 1091 1797 altertumswissenschasten.
1122 1764 1172 1797 LI.
1196 1764 1286 1796 1887.
1309 1774 1339 1805 p.
1362 1763 1425 1798 70).

285 1837 308 1865 ³1
334 1836 381 1868 Cf.
402 1835 523 1868 Ritteri
546 1846 667 1869 comm.
690 1846 720 1877 p.
741 1836 812 1869 253.
854 1836 985 1869 Rittero
1024 1836 1178 1878 opinanti
1200 1836 1242 1868 ad
1264 1836 1328 1869 has
1363 1839 1538 1877 tamquam
1561 1835 1665 1876 Quin-

164 1892 274 1924 tiliani
296 1892 558 1924 declamationes
580 1892 738 1924 Trebellii
761 1892 923 1924 Pollionis
944 1892 1046 1924 verba
1068 1895 1228 1933 spectare,
1266 1901 1353 1933 quae
1374 1894 1434 1932 tyr.
1466 1891 1540 1932 trig.
1563 1891 1617 1931 IV,
1638 1891 1667 1923 2.

163 1949 328 1989 leguntur,
350 1947 447 1979 dico:
472 1948 567 1987 ,Fuit
588 1953 698 1980 autem
720 1949 776 1985 (sc.
801 1948 979 1980 Postumus
1005 1948 1145 1985 Iunior)
1177 1949 1227 1980 ita
1248 1949 1286 1979 in
1306 1947 1600 1979 declamationibus
1616 1948 1667 1979 di-

160 2009 277 2044 sertus,
300 2009 336 2035 ut
363 2006 434 2035 eius
455 2006 699 2036 controversiae
724 2005 935 2043 Quintiliano
967 2005 1128 2036 dicantur
1159 2006 1315 2043 incertae,
1346 2014 1441 2045 quem
1469 1999 1667 2035 declamatoss

161 2070 231 2091 rem
253 2059 399 2091 Romani
416 2061 549 2100 yeneris
569 2061 796 2091 acutissimum
816 2061 863 2091 vel
885 2061 987 2091 unius
1009 2061 1129 2100 capitia
1147 2060 1242 2090 lectio
1268 2061 1383 2100 prima
1411 2061 1525 2090 statim
1554 2060 1669 2104 fronte

161 2117 385 2156 demonstrat‘,
408 2115 549 2148 omnino
571 2125 640 2148 non
662 2116 858 2157 adstipulor.
900 2104 996 2154 Nam,
1018 2118 1254 2157 praeterquam
1275 2115 1364 2156 quod
1378 2114 1563 2157 generatim
1583 2115 1667 2148 haec

161 2175 263 2212 atque
285 2171 321 2203 in
341 2171 537 2203 universum
561 2171 650 2203 dicta
671 2174 760 2210 sunt,
781 2181 821 2203 ex
844 2171 968 2213 quibus
1001 2171 1082 2203 certi
1108 2171 1294 2213 quidquam
1326 2170 1479 2203 concludi
1510 2173 1667 2212 nequeat,
1711 2182 1713 2184 ·

161 2227 281 2260 Ritteri
304 2227 419 2269 opinio
452 2227 563 2259 verbis
600 2229 712 2266 ‚unius
741 2229 863 2269 capitis
894 2228 1001 2260 lectio‘
1033 2226 1234 2269 infringitur.
1286 2227 1402 2270 Neque
1434 2226 1526 2260 enim
1558 2227 1667 2267 video,

160 2284 329 2325 quomodo
351 2284 391 2316 de
413 2283 582 2325 capitibus
604 2284 888 2317 declamationum
911 2293 1022 2316 sermo
1057 2294 1129 2316 esse
1164 2284 1279 2325 possit.
1330 2284 1439 2316 Immo
1477 2284 1666 2325 putaverim

159 2340 329 2381 designari
351 2340 405 2372 his
427 2340 539 2373 verbis
561 2340 812 2373 institutionem
839 2340 1031 2373 oratoriam.
1073 2340 1158 2373 Nam
1189 2340 1436 2381 Quintilianum
1464 2340 1666 2374 declamato-

159 2407 231 2429 rem
265 2395 497 2429 acutissimum
530 2396 634 2429 fuisse
671 2406 711 2429 ex
747 2397 811 2429 hoc
844 2407 944 2439 opere
973 2397 1056 2430 satis
1086 2400 1224 2439 apparet
1246 2400 1279 2430 et
1299 2397 1504 2430 vocabulum
1526 2398 1668 2439 ,capitie‘

158 2454 201 2486 ad
223 2453 369 2485 formam
393 2452 466 2484 eius
488 2452 614 2493 optime
635 2453 787 2494 quadrat.
831 2454 942 2485 Minus
963 2454 1119 2486 arcessita
1145 2457 1246 2495 atque
1272 2453 1377 2486 dubia
1409 2463 1512 2495 quam
1544 2453 1664 2487 Rittori

158 2510 231 2542 eius
253 2509 397 2541 fortasse
418 2508 597 2549 explicatio
619 2508 783 2545 videatur,
805 2509 863 2550 qui
885 2509 1006 2542 dixerit
1029 2520 1101 2542 asse
1123 2510 1186 2542 has
1218 2509 1483 2542 declamationes
1511 2509 1662 2543 Postumi

156 2565 316 2604 Iunioris,
359 2564 456 2597 cuius
485 2563 747 2597 declamationes
786 2564 996 2605 Quintiliano
1030 2565 1174 2598 insertas
1208 2565 1312 2598 fuisse
1343 2564 1530 2599 Trebellius
1556 2566 1665 2600 Pollio

156 2623 239 2662 loco,
268 2630 371 2662 quem
394 2620 474 2659 dixi,
498 2621 617 2652 auctor
639 2622 697 2651 est.
