1873 2804
286 697 378 757 Sub
405 718 570 757 nomine
596 717 647 756 M.
671 718 784 756 Fabii
813 717 1047 764 Quintiliani
1069 721 1226 756 exstant
1244 730 1367 768 opera
1382 718 1478 764 duo,
1499 729 1670 767 quorum

177 785 356 832 alterum,
386 783 496 833 quod
523 782 753 823 inscribitur
777 784 983 833 ,institutio
1011 784 1209 831 orator-id,
1237 783 1288 822 ab
1315 783 1403 834 ipso
1423 783 1668 830 Quintiliano

177 850 448 899 compositum
475 861 564 888 esse
590 861 709 888 nemo
737 852 869 898 negat,
907 851 1087 897 alterum,
1136 850 1245 899 quod
1274 850 1355 888 duo
1400 862 1570 899 corpora
1598 850 1669 888 de-

174 916 458 956 clamationum
487 916 676 963 continet‚
704 928 729 955 a
753 915 974 956 clarissimo
1002 907 1076 956 illo¹
1096 916 1253 956 rhetore
1280 929 1322 956 re
1348 928 1442 955 vera
1469 917 1664 967 scriptum

179 995 261 1021 non
288 994 374 1020 esse
418 982 537 1031 vulgo
583 985 756 1031 putatur.
809 982 1153 1021 Declamationum
1177 1025 1179 1029 ¹
1199 995 1293 1021 vero
1336 983 1461 1021 altero
1504 995 1671 1032 corpore

173 1048 420 1097 undeviginti
467 1048 654 1094 maiores,
698 1060 799 1098 quas
844 1049 1000 1095 vocant,
1044 1048 1357 1104 declamationes
1399 1049 1666 1088 continentur.

178 1114 352 1152 Alterius
380 1116 528 1160 autem,
557 1114 667 1163 quod
695 1114 791 1153 olim
819 1114 1006 1152 trecentis
1034 1115 1392 1162 duodenonaginta
1436 1115 1670 1161 minoribus,

173 1193 276 1230 quae
302 1180 500 1228 dicuntur,
528 1180 889 1221 declamationibus
917 1180 1187 1230 compositum
1214 1182 1312 1228 erat,
1355 1181 1445 1230 plus
1487 1193 1579 1231 pars
1608 1180 1668 1220 di-

176 1247 299 1285 midia
324 1247 456 1285 deleta
483 1249 555 1293 est,
583 1247 640 1285 ita
668 1250 712 1285 ut
747 1247 983 1296 posterioris
1027 1248 1152 1295 partis
1197 1250 1357 1287 centum
1402 1247 1670 1296 quadraginta

174 1313 350 1364 quinque
376 1316 604 1365 temporum
632 1313 793 1353 fortuna
819 1313 871 1354 ad
898 1325 974 1353 nos
1000 1313 1262 1364 pervenerint.
1330 1312 1440 1362 Quas
1484 1313 1553 1353 diu
1597 1326 1668 1353 ne-

175 1381 323 1429 glectas
341 1382 369 1429 ¹)
403 1380 692 1419 Constantinus
718 1381 850 1419 Ritter
882 1381 933 1419 ab
962 1380 1164 1419 oblivione
1207 1380 1436 1419 vindicavit.
1490 1381 1667 1420 Primum

173 1446 276 1485 enim
307 1458 331 1485 a
360 1459 439 1496 quo
469 1447 674 1486 confectae
702 1446 792 1494 sint,
834 1446 1028 1496 indagare
1054 1447 1208 1485 studuit
1224 1448 1254 1495 ²)
1291 1450 1374 1485 tum
1405 1447 1600 1491 codicum.
1628 1448 1669 1485 in

173 1513 318 1562 quibus
370 1515 544 1560 exstant,
604 1513 841 1552 auctoritate
896 1513 1218 1563 cognationeque
1259 1513 1476 1552 diiudicata
1521 1526 1667 1552 novam

174 1591 311 1617 earum
339 1570 555 1618 editionem
584 1570 737 1617 curavit
756 1579 802 1629 ³).
827 1624 831 1631 Π,
1114 1585 1116 1587 ·

275 1644 490 1684 Contendit
517 1647 651 1684 autem
679 1645 810 1684 Ritter
834 1645 1126 1688 adscribendas
1150 1657 1237 1684 esse
1264 1646 1339 1684 has
1356 1646 1667 1685 declamationes

173 1712 248 1760 ipsi
278 1711 547 1758 Quintilian03
575 1712 647 1749 sed
673 1714 872 1762 repugnat
898 1711 1085 1750 Albertus
1104 1712 1367 1762 Trabandt⁴)‚
1397 1712 1477 1761 qui,
1506 1716 1667 1761 postea-

172 1789 295 1828 quam
323 1779 559 1828 argumenta
586 1789 611 1817 a
638 1777 793 1817 Rittero
821 1777 874 1816 ad
901 1777 1027 1828 ipsius
1055 1778 1292 1817 sententiam
1321 1778 1574 1828 probandam
1602 1779 1664 1818 al-

172 1845 249 1882 lata
281 1844 425 1892 reiecit,
451 1857 518 1883 eas
546 1844 598 1882 ab
626 1845 692 1899 illo
720 1844 878 1883 rhetore
905 1845 1104 1883 confectas
1132 1857 1213 1883 non
1261 1857 1350 1884 esse
1392 1845 1668 1884 demonstrare

174 1913 352 1950 conatur.
408 1910 553 1963 Veram
596 1922 717 1960 porro
764 1910 948 1949 codicum
999 1909 1195 1949 rationem
1243 1911 1601 1962 condicionemque
1642 1924 1666 1951 a

176 1977 333 2025 Rittero
355 1978 608 2027 exploratam
636 1989 724 2016 esse
752 1977 970 2016 Casimirus
999 1978 1049 2016 de
1076 1977 1289 2016 Mol-awski
1306 1979 1337 2028 ⁵)
1366 1981 1405 2016 et
1420 1978 1562 2017 Ritteri
1583 1978 1666 2017 edi-

278 2111 323 2151 41)
345 2111 517 2144 Editiones
537 2115 612 2153 post
633 2110 822 2144 Parisinam
844 2110 1033 2151 (1821—25)
1045 2114 1077 2143 et
1092 2110 1333 2143 Taurinensem
1357 2111 1556 2152 (1824—26),
1579 2122 1665 2153 quae

172 2178 213 2199 ex
235 2168 413 2200 collatione
435 2168 656 2213 vetustiorum
685 2167 896 2208 quarundam
926 2166 1110 2198 editionum
1144 2167 1317 2199 institutae
1351 2171 1440 2206 sunt,
1483 2178 1590 2209 usque
1624 2169 1665 2200 ad

172 2223 205 2255 h.
227 2233 252 2255 s.
274 2232 403 2256 annum
425 2222 585 2256 LXXXIV
610 2223 645 2255 in
667 2223 774 2255 lucem
796 2231 865 2254 non
887 2222 1089 2262 prodierunt.

295 2279 320 2320 ²¹)
342 2279 391 2312 Cf.
412 2278 534 2313 Ritteri
569 2278 885 2312 commentationis:
927 2278 1002 2318 ‚Die
1044 2278 1344 2317 Quintilianisohen
1387 2279 1665 2319 Dedamationen,

171 2336 339 2377 Freiburg]
359 2346 391 2367 u.
417 2336 587 2376 Tabn'nqen
613 2336 708 2368 1881‘
728 2346 760 2377 p.
781 2334 841 2367 219
862 2344 935 2376 sqq.

295 2392 319 2433 ⁸)
338 2392 379 2425 Μ.
401 2392 437 2425 F.
470 2392 671 2433 Quintiliani
710 2391 970 2425 declamationes
994 2400 1081 2433 quae
1103 2395 1284 2432 supersunt
1307 2391 1417 2424 CXLV
1440 2392 1606 2425 recensuit
1628 2393 1663 2426 C.

171 2448 291 2498 anter,
312 2440 445 2491 Lipsiae
468 2449 556 2482 1884.

275 2501 320 2545 ⁴⁴)
343 2505 379 2538 in
400 2505 524 2545 libello,
544 2505 603 2547 qui
624 2507 674 2545 ,de
691 2506 878 2537 minoribus
892 2515 976 2547 quae
996 2506 1057 2536 sub
1068 2507 1199 2536 nomine
1214 2506 1417 2544 Quintiliani
1436 2507 1597 2546 feruntur
1612 2508 1664 2538 de·

172 2561 435 2594 clamationem
455 2562 659 2601 inscribitur,
681 2561 965 2603 Gryphiswaldiae
987 2560 1075 2593 1883.

297 2616 323 2657 ⁵)
345 2614 393 2649 Cf.
417 2617 567 2650 Berliner
585 2617 666 2659 phil.
688 2616 958 2649 Wochenschrift
977 2616 1015 2647 V.
1043 2616 1119 2648 1885
1140 2626 1173 2657 p.
1195 2616 1378 2656 1099s1100.
