1873 2804
915 103 962 138 12

188 196 228 233 et
256 191 530 235 'declamandi
570 192 728 236 ratione
766 187 1025 244 abhorreant,
1065 195 1337 244 Quintilianus
1365 195 1473 234 enim
1517 195 1572 235 in
1594 194 1705 235 -insh

193 263 293 301 orat.
322 262 370 309 ΙΙ,
389 263 457 310 10,
486 256 511 301 4
538 256 775 303 ᾱίοὶὶᾙεθοε
813 264 917 313 ,Sint
944 276 1032 314 erqo
1061 267 1096 303 et
1122 264 1232 315 ipsae
1257 263 1464 311 materiae,
1497 274 1598 314 quae
1622 256 1696 312 fin-

185 331 348 377 9entur,
403 341 521 380 quam
565 330 790 370 simillimae
829 331 1023 376 veritatis,
1076 323 1109 368 et
1150 328 1379 368 declamatio
1421 328 1465 367 in
1504 321 1695 380 quantum

188 395 360 433 maxime
385 398 532 446 potest,
574 396 751 435 imitetur
782 409 848 435 eas
880 397 1066 445 actiones,
1111 396 1155 434 in
1186 407 1354 447 quarum
1383 394 1694 434 exercitationem

188 464 347 512 reperta
380 466 444 502 est.
502 461 605 499 Nam
638 474 772 513 maqos
805 466 841 501 et
869 463 1131 513 pestilentiam
1164 466 1198 500 et
1228 474 1417 512 responsa
1443 465 1478 499 et
1503 461 1695 500 saeviores

189 526 354 577 traqieis
381 539 566 566 novercas
594 528 752 580 aliaque
777 529 905 580 maqis
932 528 1061 567 adhuc
1086 527 1271 578 fabulosa
1290 527 1447 578 frustra
1463 527 1566 566 inter
1577 538 1695 579 spon·

188 594 316 634 siones
349 598 384 632 et
415 594 625 633 interdicta
658 596 915 646 quaeremus‘.
967 595 1093 645 Atqui
1125 606 1337 644 magorum
1371 593 1534 644 quidem
1561 592 1602 632 in
1630 593 1693 632 his

189 658 551 699 declamationibus
583 661 749 700 omnino
783 661 934 700 mentio
967 673 1050 700 non
1077 662 1140 709 fit,
1174 661 1245 700 sed
1272 660 1312 700 in
1340 660 1467 699 tribus
1494 660 1545 699 de
1565 659 1694 710 pesti-

187 726 311 764 lentia
329 728 452 776 atque
469 727 687 776 responsis,
715 728 806 766 dico
825 728 1141 768 declamationes
1158 731 1251 774 3263
1276 731 1368 774 329;
1392 730 1467 765 384
1489 718 1528 766 et
1548 725 1690 766 iterum

187 792 228 830 in
256 785 384 831 tribus
413 792 463 831 de
489 804 609 832 saeva
639 805 811 832 noverca
839 805 971 833 sermo
1000 796 1072 840 est,
1100 804 1205 843 quae
1231 795 1326 832 sunt
1352 793 1448 832 decl.
1474 796 1565 839 246;
1594 795 1689 839 350;

189 861 276 896 381.
335 858 452 897 Unde
495 859 768 905 Trabandtius
812 860 1007 901 conclusit
1045 862 1177 899 totum
1212 860 1303 904 ,hoc
1353 859 1691 899 declamationum

191 937 339 974 corpus
368 937 393 964 a
423 925 670 972 Quintiliano
704 926 1020 965 abiudicandum
1053 938 1157 973 esse,
1187 938 1296 974 cum,
1335 938 1439 976 quae
1472 926 1557 975 ipse
1588 919 1692 981 vitu-

194 994 386 1039 perasset,
415 992 470 1030 ibi
498 992 626 1031 sexies
654 992 939 1031 invenirentur.
994 993 1074 1031 Sed
1101 993 1178 1032 hac
1205 993 1246 1031 in
1268 1005 1311 1032 re
1327 993 1465 1032 cinon
1482 992 1690 1031 assentior.

191 1057 333 1096 Verbis
372 1058 479 1097 enim
509 1058 761 1106 Quintiliani,
798 1071 904 1109 quae
940 1071 1063 1110 supra
1096 1059 1424 1106 commemoravi,
1461 1058 1557 1097 nihil
1585 1058 1692 1097 aliud

190 1125 488 1174 praescribitur,
516 1125 593 1164 nisi
621 1128 665 1164 ut
692 1126 732 1164 in
760 1125 1119 1165 declamationibus
1148 1119 1338 1175 eligendis
1374 1138 1495 1176 quam
1520 1124 1693 1164 maxime

189 1192 295 1230 vitae
334 1192 542 1233 veritatem
577 1193 758 1232 rhetores
792 1196 1023 1243 sequantur.
1080 1186 1179 1232 Cum
1208 1205 1302 1232 vero
1331 1193 1541 1232 nobiscum
1570 1204 1691 1241 repu-

188 1258 410 1297 taverimus
448 1270 609 1297 summo
651 1259 784 1297 studio
826 1259 894 1298 illo
930 1262 1112 1308 tempore
1132 1250 1186 1297 ⁴in
1220 1258 1500 1298 controversiis
1534 1258 1694 1297 schola-

192 1324 302 1363 sticis
352 1325 551 1365 eiusmodi
590 1325 779 1365 materias
825 1327 1017 1364 tractatas
1071 1337 1159 1364 esse
1178 1326 1208 1376 ¹)
1264 1325 1566 1365 concedendum
1609 1324 1693 1371 erit,

191 1403 284 1429 eum
317 1390 570 1440 scriptorem,
608 1392 676 1441 qui
710 1391 749 1430 in
782 1394 897 1430 tanto
926 1392 1267 1431 declamationum
1294 1403 1462 1430 numero
1490 1403 1560 1430 sex
1586 1391 1691 1430 eius-

192 1457 304 1496 modi
334 1457 523 1507 exempla
550 1457 767 1505 admiserit,
796 1470 920 1507 quam
946 1458 1122 1497 maxime
1150 1469 1198 1497 ea
1225 1457 1405 1497 themata
1432 1454 1579 1508 evitare
1608 1460 1693 1496 stu-

192 1524 338 1563 duisse.
404 1524 698 1572 Quintilianum
738 1527 874 1563 autem
914 1524 988 1563 has
1037 1524 1225 1564 materias
1273 1537 1294 1563 e
1341 1524 1480 1563 schola
1528 1523 1693 1563 omnino

188 1591 455 1643 removendas
484 1604 589 1639 esse,
619 1604 703 1632 non
731 1591 934 1631 censuisse
961 1604 1011 1631 ex
1037 1591 1086 1630 iis
1113 1591 1246 1638 verbis
1274 1593 1462 1641 apparet,
1502 1602 1607 1641 quae
1634 1603 1693 1638 eo,

193 1670 314 1707 quem
348 1658 447 1705 dixi,
481 1659 570 1697 loco
605 1661 839 1708 sequuntur.
893 1658 1028 1707 Pergit
1066 1658 1170 1696 enim
1209 1658 1280 1697 sic:
1337 1658 1455 1707 ,Quid
1497 1658 1610 1712 erqo?
1649 1680 1690 1684 ——-

193 1738 394 1776 nunquam
422 1725 517 1763 haec
543 1737 669 1776 supra
693 1724 810 1775 fidem
840 1730 873 1763 et
898 1726 1072 1776 poetica,
1110 1729 1152 1762 ut
1187 1738 1272 1764 vere
1304 1725 1492 1773 dixerim,
1526 1724 1694 1763 themata

188 1791 391 1829 iuvenibus
420 1795 591 1829 tracta-re
612 1792 898 1841 permittamuS,
927 1795 970 1829 ut
992 1792 1238 1841 expatientur
1263 1795 1296 1828 et
1310 1790 1510 1841 qaudeant
1527 1790 1694 1828 materia

191 1861 224 1896 et
257 1858 373 1909 quasi
404 1858 446 1895 in
474 1869 615 1907 eorpus
643 1856 759 1896 eant?
790 1880 830 1884 -
865 1858 939 1896 erit
964 1857 1167 1908 optimum,
1194 1856 1263 1895 sed
1289 1860 1389 1911 certe
1416 1856 1494 1898 sint
1516 1855 1691 1906 qrandia

192 1928 227 1962 et
253 1924 419 1972 tumida,
455 1937 531 1962 non
558 1924 678 1961 stulta
698 1925 814 1962 etiam
835 1922 870 1963 et
891 1923 1109 1974 acrioribus
1126 1923 1247 1961 oculis
1263 1923 1430 1964 intuenti
1446 1921 1632 1960 ridicula‘
1650 1922 1695 1972 ²).

314 2090 337 2126 ¹)
361 2089 409 2121 Cf.
432 2088 653 2130 Grasberger:
681 2089 888 2129 ‚Erziehuny
917 2089 989 2119 und
1016 2087 1202 2119 unterricht
1228 2089 1275 2118 im
1303 2087 1495 2119 classischen
1527 2087 1695 2127 altertum‘

189 2145 249 2177 Bd.
274 2145 321 2177 ΙΙΙ
345 2144 536 2186 Wtirzburg
557 2145 648 2183 1881,
670 2155 700 2186 p.
723 2144 785 2176 367
807 2154 880 2185 sqq.
903 2147 936 2176 et
957 2154 989 2185 p.
1011 2143 1067 2175 371
1093 2153 1167 2184 sqq.

310 2201 447 2242 Ussing:
494 2201 696 2237 ,Geschichte
730 2202 790 2232 dar
827 2201 1004 2240 erziekuny
1037 2210 1069 2232 u.
1104 2200 1159 2231 des
1193 2198 1415 2238 unterrichts‘,
1449 2198 1571 2230 Altona
1606 2198 1696 2236 1870,

189 2269 219 2299 p.
246 2258 303 2291 155
325 2268 397 2299 sqq.

309 2303 566 2347 Friedlaender:
587 2314 808 2356 ,Sittenyesch
834 2313 942 2344 Roms‘
965 2312 1043 2345 edit.
1065 2312 1174 2353 prima
1195 2312 1249 2344 ΙΙΙ.
1272 2322 1303 2353 p.
1325 2311 1387 2343 288
1408 2321 1481 2353 sqq.

314 2381 338 2421 ²)
362 2382 410 2413 Cf.
433 2382 677 2419 Friedlaender,
700 2381 758 2422 qui
783 2381 803 2412 l.
826 2381 846 2413 l.
869 2392 899 2422 p.
921 2381 985 2412 288
1006 2381 1069 2412 hac
1093 2380 1134 2412 de
1157 2390 1192 2412 re
1214 2378 1304 2417 dicit,
1334 2384 1353 2418 3,
1377 2403 1384 2410 .
1409 2403 1415 2410 .
1439 2379 1508 2409 und
1537 2378 1590 2409 die
1623 2379 1697 2418 for-

190 2439 319 2478 deruny
343 2438 405 2468 alle
428 2437 687 2477 ‚unylaublichen
711 2437 782 2467 und
808 2439 853 2467 im
890 2436 1102 2476 eiyentlichen
1133 2437 1228 2466 sinne
1265 2435 1320 2466 des
1351 2438 1469 2465 wortes
1498 2434 1698 2474 poetischen‘

190 2495 316 2527 themen
340 2489 622 2533 auszuschliefien,
642 2494 729 2533 fand
750 2494 834 2525 auch
859 2493 1050 2532 Quintilian
1070 2502 1112 2523 zu
1134 2496 1246 2532 strong}
1267 2491 1338 2522 und
1359 2490 1579 2531 unerfitllbar,
1601 2494 1701 2522 etwas

190 2551 350 2591 erholuny
382 2550 453 2580 und
474 2552 657 2589 verymZyen
681 2553 786 2580 masse
807 2560 887 2580 man
908 2550 972 2579 den
986 2549 1117 2588 Junyen
1152 2549 1258 2579 leuten
1279 2548 1465 2587 yewahrem
1492 2557 1561 2578 nur
1583 2547 1699 2578 sollten

189 2608 242 2640 die
262 2606 491 2649 yeyenstande,
512 2615 608 2637 wenn
630 2605 715 2636 auch
731 2605 917 2646 pathetisch
939 2604 1010 2636 und
1030 2604 1094 2635 voll
1114 2603 1275 2642 schwulst,
1299 2603 1380 2635 doch
1414 2603 1504 2635 nicht
1533 2603 1700 2644 qeradezu

191 2665 337 2696 thar-ioht
360 2664 431 2695 und
449 2662 626 2694 lc'lcherlich
647 2662 737 2693 sein‘.
781 2661 958 2693 Praeterea
981 2661 1021 2692 cf.
1045 2661 1119 2693 inst.
1142 2664 1223 2692 orat.
1246 2660 1284 2692 V.
1307 2660 1355 2697 12,
1380 2659 1510 2692 17—23.
