1873 2804
850 101 972 153 μ--16

198 193 296 231 locis
328 193 359 231 C
394 192 592 241 scriptura
624 203 716 231 cum
748 193 785 230 A
818 192 1032 238 consentit,
1069 205 1093 231 a
1126 192 1281 232 Rittero
1315 193 1461 233 iniuria
1488 193 1637 233 codicis
1667 194 1698 233 B
1726 217 1728 219 -

203 259 395 297 lectiones
431 259 472 297 in
508 258 715 308 scriptoris
743 258 866 296 verba
892 260 1077 308 receptae
1109 261 1215 298 sunt.
1270 258 1420 298 Contra
1448 260 1488 298 in
1517 272 1558 309 p.
1586 263 1699 306 348,ss

199 326 350 365 codicis
377 326 409 364 B
438 325 650 375 lecti-onem
686 325 811 374 ,nulla
844 327 1008 363 ratione‘
1042 324 1344 374 praeferendam
1380 337 1470 364 esse
1496 326 1699 365 existima-

201 392 341 438 verim,
368 392 400 429 si
430 391 590 440 quidem
620 391 651 429 C
680 391 849 429 eandem
880 391 1091 429 lectionem
1110 390 1297 428 exhibere
1315 394 1482 430 constet.
1522 393 1701 442 Apparet

201 458 321 506 igitur
364 457 561 495 Ritterum
610 457 866 505 neglegenter
908 460 947 495 et
990 456 1094 494 male
1135 456 1296 503 fecisse,
1353 457 1464 506 quod
1504 457 1701 506 integrum

202 525 379 562 codicem
410 524 440 562 C
469 535 552 561 non
580 522 765 561 excussit.

305 591 445 639 Neque
472 601 567 627 vero
597 592 855 637 argumenta,
889 589 1034 638 quibus
1074 589 1186 627 nisus
1217 589 1347 627 Ritter
1373 589 1553 628 codicem
1584 590 1614 628 C
1642 590 1703 628 ni-

201 657 270 696 hili
290 657 371 695 fere
398 656 608 706 pependit,
647 656 697 694 ad
727 655 968 695 sententiam
996 655 1082 695 eius
1111 655 1458 706 comprobandam
1488 656 1702 696 sufficiunt.

203 723 381 760 Collatae
423 723 527 759 enirn
562 724 655 759 sunt
700 722 737 758 in
772 722 916 760 Ritteri
948 733 1066 759 usum
1101 722 1370 759 intercedente
1402 723 1586 769 Augusto
1613 723 1706 760 Mau

202 788 516 827 declamationes
561 790 648 833 252,
688 790 774 835 266,
814 790 899 835 267,
943 790 1030 836 268,
1068 790 1154 835 269,
1183 791 1271 835 270,
1300 791 1391 835 271,
1420 791 1627 838 praeterea
1655 788 1704 828 de

203 856 450 904 quibusdam
470 855 564 892 locis
579 854 724 892 certior
750 855 878 893 factus
908 857 963 892 est
995 867 1066 903 per
1090 855 1262 892 amicum
1283 857 1322 902 ¹).
1376 855 1485 893 Licet
1510 855 1630 903 igitur
1652 856 1701 894 de

200 921 276 960 hac
319 921 435 960 tertia
472 921 552 959 fere
584 920 740 960 decima
773 922 885 971 parte
919 920 1099 960 omnium
1134 920 1471 960 declamationum
1507 933 1530 960 a
1560 920 1590 960 C
1617 923 1698 960 tra-

209 990 382 1026 ditarum
419 1000 510 1026 vere
549 988 800 1034 iudicaverit,
840 988 880 1025 in
909 988 1096 1037 neglectis
1125 988 1336 1026 duodecim
1363 988 1544 1036 partibus
1571 1001 1706 1027 nonne

207 1055 390 1093 meliores
419 1054 610 1092 lectiones
638 1054 761 1092 latere
784 1055 980 1103 possunt?

305 1121 471 1159 Accedit
510 1121 620 1169 quod
658 1133 708 1158 ne
753 1120 872 1158 huius
906 1121 1096 1158 minimae
1129 1120 1289 1169 quidem
1326 1120 1473 1159 codicis
1508 1120 1537 1158 C
1577 1121 1701 1169 partis

202 1188 361 1226 collatio
403 1188 501 1226 satis
543 1187 751 1237 diligenter
788 1190 827 1225 et
870 1189 1054 1225 accurate
1092 1187 1274 1225 confecta
1311 1190 1381 1225 est.
1448 1187 1550 1225 Dicit
1598 1187 1704 1225 enim

204 1255 331 1292 Ritter
374 1254 413 1291 in
458 1253 723 1291 annotatione
769 1253 821 1291 ad
871 1253 934 1291 ed.
974 1253 1097 1302 praef.
1140 1265 1176 1301 p.
1219 1253 1272 1290 XI
1322 1253 1543 1301 adscripta,
1587 1253 1703 1291 novis

207 1320 404 1369 excerptis
439 1331 463 1357 a
502 1319 633 1357 Mavio
671 1318 747 1357 sibi
787 1319 992 1368 permissis
1026 1331 1069 1356 se
1102 1330 1317 1367 cognosse,
1364 1321 1519 1368 praeter
1547 1330 1707 1366 novem,

203 1398 343 1424 omnes
381 1386 511 1431 locos,
555 1397 658 1434 quos
691 1387 735 1422 ut
776 1385 1009 1434 desperatos
1049 1386 1163 1433 signo
1206 1388 1249 1430 —4-
1298 1384 1513 1431 notaverit,
1565 1384 1707 1422 iisdem

203 1453 341 1491 litteris
370 1453 410 1490 in
439 1452 540 1490 libro
569 1453 616 1498 C,
654 1452 800 1500 quibus
829 1452 866 1489 in
896 1452 946 1494 B,
981 1451 1097 1489 tradi.
1154 1451 1274 1500 Atqui
1304 1443 1561 1489 inveniuntur
1589 1451 1628 1489 in
1659 1462 1707 1488 ea

202 1519 540 1557 declamationum
571 1520 694 1566 parte,
730 1530 810 1566 qua
838 1518 966 1555 Ritter
994 1518 1166 1565 integras
1195 1517 1281 1555 libri
1311 1517 1341 1555 C
1370 1517 1560 1555 lectiones
1589 1516 1698 1554 dedit

203 1597 347 1624 novem
369 1585 442 1623 loci
462 1584 687 1634 ÷signati,
716 1584 805 1622 dico
834 1587 895 1631 32,
927 1587 990 1630 24;
1019 1587 1080 1630 32,
1110 1587 1175 1630 26;
1205 1586 1266 1631 34,
1295 1586 1317 1621 8
1337 1587 1412 1630 -9;
1442 1586 1502 1631 89,
1534 1586 1700 1630 13-15;

204 1655 265 1698 89,
301 1655 366 1693 22;
407 1655 467 1696 90,
508 1655 570 1696 12;
606 1654 665 1696 95,
700 1654 818 1694 4-6;
851 1654 934 1696 102,
966 1654 1133 1695 15>-16;
1166 1653 1250 1698 110,
1282 1653 1339 1695 14,
1369 1649 1703 1698 quorumnullus

205 1718 307 1755 inter
334 1729 403 1754 eos
433 1728 590 1763 novem,
620 1728 722 1765 quos
751 1717 916 1765 excepit,
946 1715 1267 1765 deprehenditur.
1324 1716 1457 1762 Quare
1485 1715 1516 1752 si
1541 1715 1703 1764 quidem

203 1784 363 1822 collatio
398 1783 437 1821 in
473 1795 567 1820 usus
602 1783 743 1820 Ritteri
771 1784 877 1820 facta
906 1785 944 1820 et
972 1782 1113 1820 Ritteri
1142 1782 1358 1831 descriptio
1386 1793 1476 1819 vere
1504 1794 1546 1819 se
1575 1781 1699 1819 habe-

203 1854 308 1897 rent,
344 1850 521 1889 codicem
558 1850 588 1887 B
619 1862 709 1887 cum
740 1850 769 1887 C
802 1861 946 1888 novem
980 1849 1066 1896 illis,
1096 1861 1200 1898 quos
1229 1849 1327 1893 dixi,
1360 1848 1457 1887 locis
1485 1859 1704 1896 congruere

204 1928 367 1955 necesse
400 1919 514 1954 esset.
570 1916 628 1954 Re
660 1927 753 1953 vera
786 1918 918 1954 autem
950 1915 1109 1953 duobus
1144 1915 1240 1953 locis
1274 1914 1461 1953 lectiones
1490 1914 1636 1952 codicis
1666 1914 1696 1951 B

203 1987 241 2021 et
277 1983 306 2021 C
331 1984 432 2021 inter
459 1995 501 2021 se
530 1983 690 2021 distant.
746 1982 915 2020 Exhibet
941 1981 1048 2020 enim
1076 1995 1113 2031 p.
1142 1985 1202 2028 32,
1237 1985 1285 2018 24
1314 1981 1343 2019 Β
1371 1994 1431 2031 ,ac
1463 1980 1696 2031 periculum‘

204 2062 294 2088 cum
329 2049 358 2088 C
394 2049 613 2087 secundum
642 2048 839 2086 Ritterum
869 2048 1080 2097 legendum
1110 2048 1298 2097 praebeat
1325 2047 1379 2096 ,al
1399 2047 1634 2097 periculum‘
1652 2047 1701 2094 ²);

203 2120 325 2166 atque
353 2129 390 2166 p.
420 2119 488 2163 89,
522 2119 568 2152 22
598 2115 638 2153 in
666 2115 697 2153 B
727 2116 793 2163 ‚ad
821 2117 895 2162 ea‘,
930 2115 970 2153 in
999 2115 1029 2153 C
1061 2115 1153 2158 ,alta
1182 2119 1235 2152 ea‘
1268 2113 1458 2152 traditum
1487 2115 1556 2151 est.
1612 2112 1703 2159 Qua

203 2196 244 2221 re
272 2183 321 2221 de
348 2182 573 2220 collationis
602 2182 765 2219 veritate
793 2181 969 2230 suspicio
992 2181 1088 2219 mihi
1116 2183 1228 2219 mota
1256 2183 1328 2219 est.
1382 2180 1495 2226 Quae
1524 2179 1638 2218 valde
1655 2191 1703 2217 eo

203 2249 437 2298 augebatur,
466 2248 576 2297 quod
605 2248 738 2286 multis
767 2248 864 2285 locis
893 2260 940 2286 ex
968 2247 1110 2286 Ritteri
1138 2246 1294 2285 silentio
1322 2246 1362 2284 in
1390 2246 1491 2284 libro
1515 2245 1545 2283 C
1574 2244 1705 2284 inesse

206 2314 465 2360 videbantur,
501 2326 604 2363 quae
632 2314 796 2351 minime
823 2314 875 2351 ad
903 2314 1047 2352 Ritteri
1073 2313 1190 2351 huius
1219 2312 1368 2350 codicis
1396 2311 1706 2360 descriptionem

206 2382 475 2430 quadrabant.
519 2381 657 2429 Itaque
685 2380 725 2417 id
754 2381 827 2428 egi,
856 2383 900 2418 ut
930 2380 1243 2419 declamationes
1271 2378 1372 2425 illae,
1391 2390 1562 2427 quarum
1580 2377 1706 2427 scrip-

329 2532 351 2567 ¹)
374 2530 421 2560 Cf.
444 2529 483 2560 R.
505 2529 554 2559 ed.
578 2528 680 2568 praef.
702 2537 732 2567 p.
756 2527 816 2557 xl.

330 2586 353 2623 '-')
376 2585 423 2615 Ex
448 2594 536 2615 nova
560 2583 594 2614 in
617 2593 729 2614 meum
755 2593 849 2613 usum
876 2583 1024 2614 confecta
1049 2582 1225 2614 collatione
1259 2585 1395 2623 apparet
1428 2580 1573 2613 codicem
1599 2581 1622 2612 C
1645 2581 1708 2613 hoc

202 2641 275 2674 loco
300 2651 368 2673 non
390 2640 444 2680 ‚al‘
467 2639 523 2671 sed
547 2640 610 2678 ,eust
635 2634 802 2670 exhibere.
848 2640 887 2670 ct'.
912 2639 942 2670 h.
967 2649 1086 2670 comni.
1111 2649 1140 2680 p.
1168 2640 1213 2670 19.
