1873 2804
821 119 828 120 ff
862 69 926 121 1121

465 174 497 212 B
1222 175 1290 213 AC

241 253 301 297 99,
329 253 352 288 5
407 242 640 290 ‘inilteretur
1026 252 1066 290 in
1093 251 1240 290 liberos
1270 251 1440 291 mitteret

215 319 300 365 101,
330 320 377 355 15
406 320 546 368 torque
574 321 612 357 et
639 319 833 369 quidquid
851 318 903 368 (Ρ)
1021 320 1187 368 torque:
1217 317 1413 367 quidquid

214 386 300 430 101,
332 387 376 421 17
405 384 677 424 adhibendum
707 397 798 436 spes
826 385 899 424 erit
1028 384 1187 431 adhibe,
1216 383 1309 422 dum
1341 384 1505 433 spiritus
1533 385 1606 423 erit

213 452 301 498 102,
328 454 350 488 9
405 451 606 500 asperiore
632 452 694 490 usi
1033 450 1256 500 asperiores
1283 451 1323 488 in

216 519 302 563 102,
331 520 383 555 20
409 529 531 557 causa
559 518 654 556 mali
683 518 745 557 cui
1036 528 1201 556 causam
1228 516 1345 555 alicui

214 586 300 628 112,
328 586 376 620 27
405 595 541 622 secum
569 584 662 622 dolo
696 595 785 622 cum
815 596 855 633 p.
969 613 972 616 .
1030 582 1208 621 secundo
1236 583 1323 621 loco
1357 583 1565 632 pugnabat

214 653 298 697 113,
326 653 350 687 4
405 650 459 688 dii
484 650 581 689 mihi
611 650 801 689 mortales
1032 649 1086 688 dii
1118 650 1362 688 immortales

161 745 321 784 Nullum
351 759 446 785 vero
476 748 715 786 mendorum
743 760 881 796 genus,
909 748 1019 797 quod
1047 748 1086 785 in
1115 747 1253 785 ceteris
1296 747 1500 785 codicibus
1539 747 1650 785 inve-

132 811 304 860 rnimus‚
349 813 389 852 in
428 813 528 852 libro
570 814 601 852 B
639 814 762 853 deest.
818 814 946 864 Saepe
989 814 1094 852 enim
1137 813 1323 851 vocabuli
1374 813 1538 851 alicuius
1586 815 1656 851 aut

160 878 271 918 locus
299 883 368 918 aut
394 881 522 919 forma
551 884 803 920 commutata
830 884 901 928 est,
928 893 1049 930 saepe
1077 892 1239 930 quoque
1266 880 1396 918 littera
1426 880 1561 929 aliqua
1584 882 1654 918 aut

161 945 311 983 omissa
339 948 409 984 aut
432 946 582 985 addita.
648 947 727 985 Sed
766 959 906 985 omnes
947 947 1023 985 hae
1063 946 1312 995 corruptelae
1355 946 1497 984 calami
1537 946 1650 995 lapsu

160 1014 280 1061 atque
306 1012 513 1051 oculorum
541 1013 793 1052 aberratione
820 1015 931 1052 ortae
958 1015 1064 1060 sunt,
1090 1015 1247 1063 praeter
1273 1012 1387 1059 duas,
1415 1024 1516 1062 quas
1554 1024 1650 1050 con-

161 1078 264 1116 sulto
293 1091 317 1117 a
346 1079 505 1119 librario
531 1080 728 1118 admissas
759 1092 845 1118 esse
871 1080 1109 1129 putaverim.
1147 1080 1352 1118 Invenitur
1378 1080 1505 1117 enim:

457 1193 489 1230 B
979 1191 981 1193 ’
1149 1193 1217 1232 AC

238 1272 298 1316 91,
329 1273 347 1306 1
481 1269 557 1307 hae
584 1269 813 1308 inimicitiae
1058 1269 1132 1309 has
1158 1269 1396 1318 {inimicitias

239 1338 298 1384 96,
329 1337 438 1384 10111
470 1336 654 1385 publicae
678 1336 733 1374 rei
1047 1336 1093 1374 P.
1120 1336 1167 1375 R.

259 1417 364 1455 Inter
390 1417 500 1456 locos
527 1421 673 1466 autem,
703 1419 847 1468 quibus
877 1419 906 1456 Β
934 1418 975 1457 in
1003 1418 1142 1457 melius
1171 1430 1195 1456 a
1220 1418 1360 1457 ceteris
1379 1418 1487 1457 libris
1506 1418 1640 1463 distat,

158 1483 291 1521 nullus
319 1484 512 1532 gravioris
539 1486 729 1523 momenti
760 1490 830 1532 est,
860 1485 969 1534 quod
997 1497 1046 1523 ex
1074 1485 1149 1523 hac
1177 1484 1322 1523 tabella
1349 1487 1569 1535 appareat:

639 1597 685 1635 B.
1225 1596 1293 1635 AC

431 1676 492 1720 33,
521 1676 567 1710 29
624 1673 751 1712 facitis
1119 1673 1233 1712 sactis

427 1742 488 1786 86,
520 1743 564 1775 13
619 1752 701 1778 non
727 1740 843 1778 liceat
1117 1751 1167 1777 ne
1194 1739 1310 1777 liceat

428 1807 488 1852 90,
520 1808 564 1842 13
618 1805 770 1855 aliquid
1118 1805 1240 1854 aliqui

429 1873 491 1918 93,
522 1872 568 1909 10
621 1871 807 1909 videntur
984 1866 988 1871 ⁷
1120 1871 1275 1909 videtur

427 1939 487 1982 94,
516 1940 563 1974 27
619 1939 724 1975 stare
1117 1949 1195 1975 om.
1224 1939 1331 1975 stare

426 2005 485 2048 99,
517 2006 562 2040 18
616 2003 771 2042 videtur
1118 2002 1318 2040 videretur

403 2071 487 2116 100,
519 2072 565 2105 14
619 2069 711 2107 mali
740 2069 863 2106 fecisti
1111 2068 1214 2106 male
1254 2068 1378 2106 fecisti

401 2137 485 2181 103,
514 2137 536 2171 3
615 2134 886 2173 accidentibus
1107 2133 1382 2172 excidentibus

403 2204 473 2237 106
489 2203 600 2249 19s20
623 2205 781 2249 oportet
1111 2203 1315 2249 oporteret

403 2269 488 2314 112,
519 2271 562 2303 11
618 2267 697 2305 mei
1114 2277 1203 2304 meo
1220 2267 1250 2315 ¹)

279 2429 304 2471 ¹)
325 2429 481 2463 Forsitan
502 2440 542 2463 ex
565 2431 739 2463 nonnullis
760 2431 883 2464 horum
904 2431 1056 2463 locorum
1078 2429 1141 2471 (94,
1164 2430 1225 2465 27:
1261 2429 1312 2469 99,
1336 2430 1389 2469 18;
1412 2429 1481 2468 103,
1503 2429 1537 2468 33
1582 2429 1651 2468 106,

156 2485 264 2527 19s20)
285 2486 484 2519 concludere
505 2487 592 2526 licet,
618 2487 748 2520 codices
770 2487 798 2519 B
819 2490 853 2520 et
874 2487 898 2519 C
921 2497 991 2520 non
1014 2487 1131 2519 eodem
1151 2487 1252 2518 modo
1273 2496 1315 2519 ex
1335 2486 1487 2527 quolibet
1509 2485 1575 2518 alio
1597 2496 1650 2517 co-

155 2542 228 2573 dice
249 2542 432 2584 descriptos
453 2553 535 2582 esse,
556 2544 614 2575 sed
636 2544 693 2582 ita,
717 2548 753 2576 ut
775 2544 898 2576 codicis
920 2544 945 2576 C
966 2544 1124 2576 librarius
1145 2542 1327 2584 exemplari
1363 2553 1444 2575 usus
1465 2543 1517 2580 sit,
1560 2542 1648 2583 quod

156 2597 270 2631 codice
292 2599 320 2632 A
342 2599 463 2632 collato
484 2602 670 2633 correctum
693 2603 774 2633 erat.
817 2599 904 2632 Fieri
927 2608 1061 2641 quoque
1083 2598 1201 2641 potuit,
1229 2601 1265 2631 ut
1287 2599 1374 2631 duae
1395 2598 1578 2639 scripturae
1615 2597 1649 2630 in
