1873 2804
894 71 938 118 15.

141 197 146 201 .
173 161 249 202 sed·
263 164 541 209 commutatas
577 166 698 213 atque
721 163 777 213 5in
813 164 1230 213 breviuscontractas,
1253 162 1309 219 ad
1320 191 1326 211 s
1334 174 1412 211 nos
1435 162 1670 217 pervenisse

173 228 262 278 ipse
288 227 562 275 Trabandtius
589 229 765 269 ostendit
786 231 826 279 ¹).
850 260 852 264 ,
878 230 1021 280 Itaque
1047 229 1227 278 cogitare
1249 228 1368 277 nobis
1406 228 1520 277 licet,
1564 241 1670 279 nons-

174 305 384 343 nunquam
421 294 668 345 neglegentia
704 295 1009 345 excipientium,
1051 306 1157 344 quae
1174 294 1473 341 ·.Quintilianus
1514 294 1672 342 dixerit,

174 361 365 410 corrupta
390 371 489 399 osse.
542 360 632 411 Ipse
670 360 833 410 quidem
869 359 1142 415 *Quintilianus
1180 371 1273 401 cum
1300 359 1402 405 saliis
1437 359 1529 398 inst.
1569 362 1670 409 orat.

174 425 271 464 locis
295 428 382 465 tum
411 425 493 466 VH.
521 429 556 473 2,
584 428 634 464 24
661 426 711 465 de
737 424 989 476 neglegentia
1020 435 1183 473 eorum,
1221 425 1290 475 qui
1315 424 1513 471 ,actiones
1549 436 1671 475 quas-

175 490 271 542 dam
300 491 429 543 ipsius
455 492 730 543 vulgaverant,
759 491 948 543 queritur,
977 502 1068 531 cum
1097 490 1208 531 dicit:
1262 490 1399 541 ,Gaius
1424 491 1613 532 actionem
1639 494 1675 530 et

175 559 331 610 quidem
356 559 479 598 solam
506 560 549 597 in
574 558 644 598 hoc
671 562 822 609 tempus
864 560 1089 608 emiseram,
1132 558 1235 610 quod
1271 559 1399 609 ipsum
1441 570 1511 597 me·
1534 557 1673 607 fecisse

174 624 332 663 ductum
356 625 519 664 iuvenili
544 624 760 675 cupiditate
782 625 933 676 qloriae
956 624 1099 675 fateor.
1157 623 1259 663 Nam
1285 627 1450 671 ceterae,
1478 636 1578 676 quae
1602 616 1672 662 sna>

148 712 152 715 ·
173 692 327 730 nomine
352 703 433 730 meo
458 691 657 741 feruntur,
685 692 921 742 neqleqentia
947 691 1220 742 excipientium
1239 691 1283 728 in
1299 694 1500 743 quaestum
1521 691 1672 728 notari·

173 768 285 795 orum
311 760 518 807 corruptae
543 757 746 795 minimam
766 761 923 808 partem
948 757 1025 796 mei
1049 756 1213 795 habene.

277 843 337 881 Ex
363 843 428 891 iis,
464 855 569 893 quae
595 843 784 893 exposui,
819 843 917 882 satis
944 843 1041 883 mihi
1068 843 1243 892 intellegi
1268 853 1390 892 posse
1416 843 1574 887 videtur
1600 854 1672 882 ne-

175 920 253 959 que
290 909 433 947 Ritteri
470 920 604 959 neque
641 909 880 948 Trabandtii
915 909 1147 959 opinionem
1186 908 1432 958 argumentis
1484 920 1671 964 compro·

174 967 313 1016 bata'm
341 988 430 1015 esse
456 988 584 1027 eaque
616 978 720 1016 certe
753 967 857 1027 quae
886 967 1159 1021 Trabandtius
1186 975 1352 1026 protulit
1394 987 1478 1016 non
1510 965 1671 1022 obstare

174 1041 393 1090 quominus
420 1037 664 1090 statuamus,
697 1042 1009 1081 declamationes
1041 1053 1090 1081 ex
1123 1041 1357 1088 Quintiliani
1392 1042 1533 1081 schola
1559 1044 1669 1086 ortas

174 1119 274 1147 esse.
339 1107 422 1147 Res
465 1107 585 1157 igitur
625 1100 787 1156 eodem,
831 1120 912 1159 quo
956 1110 1093 1156 antea,
1135 1109 1244 1147 statu
1283 1110 1475 1147 versatur.
1537 1106 1670 1155 Quam

175 1174 226 1212 ob
254 1185 339 1212 rem
366 1173 488 1212 aliam
513 1167 624 1226 viam,
647 1174 921 1223 ingrediamur
947 1186 1109 1213 necesse
1136 1161 1209 1221 est,
1237 1177 1281 1212 ut
1307 1174 1453 1212 harum
1467 1173 1669 1212 declama-

172 1240 329 1279 tionum
356 1240 593 1290 scriptorem
621 1252 925 1291 cognoscamus

278 1321 416 1360 Solent
438 1333 533 1360 vero
561 1321 765 1372 discipuli,
801 1322 923 1361 etiam
951 1322 1006 1370 si,
1039 1333 1143 1372 quae
1170 1333 1194 1361 a
1221 1322 1426 1370 magistris
1453 1321 1669 1368 dictantur,

175 1390 423 1427 commutata
449 1391 571 1438 atque
596 1388 638 1436 in
664 1388 826 1444 brevius
863 1390 1069 1428 contracta
1095 1388 1317 1439 excipiunt,
1362 1388 1504 1428 iisdem
1537 1387 1670 1427 verbis

176 1457 298 1505 atque
325 1455 468 1494 eadem
494 1455 652 1494 dicendi
689 1455 937 1505 proprietate
977 1455 1034 1494 uti
1079 1458 1201 1505 atque
1233 1457 1482 1506 praeceptor.
1538 1454 1670 1503 Quam

177 1522 230 1569 ob
258 1534 342 1561 rem
370 1534 535 1572 prorsus
560 1522 759 1561 assentior
785 1522 980 1562 Casimiro
1009 1522 1059 1561 de
1086 1522 1311 1570 Morawski,
1338 1521 1449 1572 quil.
1466 1521 1490 1561 l.
1509 1534 1548 1572 p.
1570 1524 1668 1560 1102

178 1600 200 1627 e
235 1588 575 1628 declamationum
613 1589 772 1628 dicendi
806 1601 951 1638 genere
982 1589 1035 1628 ad
1072 1589 1306 1639 scriptorem
1345 1587 1669 1639 cognoscendum

176 1655 406 1699 testimonia
443 1656 674 1705 quaerenda
712 1667 799 1695 esse
836 1655 1043 1695 contendit
1063 1658 1105 1705 ²).
1157 1654 1330 1705 Negant
1351 1666 1449 1694 sane
1488 1654 1620 1694 Ritter
1637 1655 1669 1705 ί)

179 1724 218 1759 et
246 1720 520 1760 Trabandtius
539 1723 572 1772 ⁴)
600 1722 676 1760 hac
703 1721 744 1760 in
771 1719 814 1760 re
838 1721 1006 1761 multum
1025 1722 1216 1760 interesse
1241 1722 1343 1760 inter
1359 1720 1671 1768 declamationes

178 1789 217 1825 et
244 1786 535 1826 institutionem
563 1788 792 1827 oratoriam.
845 1787 925 1826 Sed
954 1787 992 1826 si
1026 1788 1116 1837 quis
1145 1782 1486 1826 declamationum
1517 1798 1672 1825 sermo-

181 1852 242 1891 nis
269 1853 450 1903 exempla
478 1840 707 1902 singularia,
735 1865 839 1903 quae
865 1853 918 1892 illi
949 1853 1023 1903 ipsi
1042 1853 1272 1900 attulerunt,
1299 1855 1572 1902 perscrutatus
1599 1852 1673 1891 erit

306 2039 330 2079 ¹)
354 2039 402 2071 Cf.
425 2039 447 2071 l.
468 2039 488 2070 l.
510 2049 541 2080 p.
563 2039 604 2071 32
623 2049 697 2081 sqq.
718 2039 895 2071 Praeterea
916 2038 972 2071 et:
1006 2038 1278 2071 Wochenschrist
1310 2038 1364 2070 fur
1388 2038 1574 2070 klassische
1600 2037 1672 2079 phi-

176 2094 298 2136 lologie
319 2094 378 2127 111.
410 2094 500 2127 1886.
520 2105 552 2137 p.
574 2095 623 2134 76,
645 2095 703 2128 ubi
725 2093 760 2128 C.
782 2094 925 2128 Schenkl
949 2095 1010 2127 hac
1029 2094 1071 2127 de
1091 2104 1128 2127 re
1147 2093 1227 2126 dicit
1246 2094 1345 2127 haec:
1389 2093 1480 2134 ,Vor
1498 2094 1593 2125 ollem
1611 2094 1674 2135 9112

177 2160 220 2190 es,
239 2151 302 2183 den
321 2152 803 2197 eprachyebrauchporqfdltiy
820 2162 864 2183 eu
885 2151 1115 2191 muer-cuchen,
1141 2151 1243 2182 wobei
1259 2151 1343 2182 auch
1375 2151 1509 2191 darauf
1530 2160 1573 2182 zu
1596 2150 1672 2181 acb-

177 2209 232 2238 ten
251 2208 324 2239 'sein
341 2207 437 2247 wira,
458 2208 529 2239 dab
549 2209 619 2245 wir,
634 2208 724 2239 nicht
744 2207 797 2239 die
816 2209 970 2248 couroye
993 2207 1206 2247 Qacintilians,
1235 2206 1382 2247 condem
1411 2215 1480 2237 nur
1499 2206 1553 2237 die
1574 2205 1672 2238 nack·

174 2262 403 2303 schreibehefte
422 2263 592 2295 herstellen
622 2263 763 2295 konnen.
806 2255 964 2296 Zauekes
994 2262 1285 2302 amollkommme,
1313 2262 1516 2302 abyeriasene
1546 2262 1584 2292 in
1614 2262 1674 2294 der

175 2318 382 2360 darndtuny
401 2320 488 2351 wird
506 2329 587 2351 man
607 2321 652 2352 da
671 2320 869 2353 hinnehmen
888 2322 1028 2360 manaen,
1050 2319 1132 2350 ohne
1152 2329 1195 2350 zu
1217 2317 1311 2351 einer
1330 2318 1506 2358 anderunq
1521 2328 1564 2349 zu
1584 2318 1673 2358 yrei-

175 2374 243 2413 fen,
264 2375 472 2415 namenaich,
493 2384 562 2407 was
582 2375 636 2407 die
655 2374 862 2416 verbindunq
881 2375 942 2407 der
960 2377 1049 2407 natu
1070 2374 1215 2415 betrifftf

299 2443 325 2485 ³)
344 2444 503 2480 Eiusdem
523 2446 711 2479 sententiae
731 2444 894 2485 Ricardus
915 2444 1011 2495 Opita
1031 2434 1104 2478 esse
1126 2444 1268 2478 videtur.
1295 2442 1343 2478 Cf.
1356 2428 1674 2493 ,commentationes

174 2495 291 2541 pl'issol.
316 2501 351 2534 Ο.
373 2499 555 2535 Ribbechco'
570 2498 707 2542 danlae,
734 2501 1041 2545 Lipeiae'1888‘,'p.
1065 2503 1113 2535 55.

301 2571 324 2613 ¹)
349 2573 383 2605 L.
405 2573 426 2606 1.
448 2575 479 2615 p.
501 2574 571 2606 219.

300 2647 327 2687 ὁ)
349 2647 387 2678 L.
407 2647 428 2679 1.
450 2657 481 2688 p.
506 2647 558 2679 41.
