1873 2804
903 126 948 160 30

279 217 438 257 Codicis
478 217 513 256 A
554 217 805 268 corruptelae
844 229 985 257 omnes
1013 217 1112 257 tales
1140 219 1252 265 sunt,
1289 220 1334 255 ut
1360 217 1471 256 nullo
1499 217 1588 256 loco
1615 217 1677 256 in-

174 284 455 332 terpolationis
493 283 669 334 suspicio
707 286 925 323 moveatur.
995 284 1124 333 Saepe
1165 283 1297 322 littera
1338 284 1472 333 aliqua
1514 283 1677 331 omissa,

175 362 298 400 saepe
326 362 490 401 quoque
517 350 656 390 addita
683 353 754 389 est.
808 350 943 401 Atque
978 362 1066 389 cum
1108 349 1256 389 codicis
1283 350 1313 389 C
1341 350 1544 397 librarius,
1585 349 1676 389 ubi-

176 429 337 468 cunque
366 417 582 467 neglegens
611 417 695 465 fuit,
724 418 893 457 formam
923 417 1066 457 saltem
1088 417 1273 456 Latinam
1300 417 1607 464 conservaverit,
1637 417 1677 455 in

180 484 319 522 codice
346 485 382 523 A
411 485 609 523 interdum
650 484 863 523 verborum
904 484 1100 523 deformia
1135 486 1340 529 monstra,
1382 487 1424 521 ut
1452 483 1507 522 ita
1534 484 1677 531 dicam,

180 550 448 589 inveniuntur.
503 550 627 589 Cuius
667 550 724 589 rei
751 550 851 589 haec
878 550 1061 600 exempla
1091 550 1245 599 collegi:

664 662 699 700 A
1192 662 1257 701 BC

498 732 560 776 35,
588 732 636 767 23
664 730 702 779 q.
730 729 926 778 obstrupo
1073 729 1183 778 quod
1221 732 1362 778 stupro

497 799 557 842 97,
585 798 608 833 8
663 795 840 833 coranda
1068 794 1246 833 curanda

474 865 558 909 101,
587 865 609 900 6
665 861 870 900 temnentis
1073 861 1283 900 tormentis

467 932 551 976 103,
584 932 630 966 19
659 940 825 966 causum
1071 940 1237 967 causam

472 997 556 1042 106,
587 998 634 1032 14
662 994 888 1033 valetunem
1078 994 1346 1034 valetudinem

282 1093 364 1130 Iam
395 1092 571 1130 vidimus
599 1092 854 1142 neglegentes
883 1092 1004 1130 fuisse
1038 1092 1221 1131 codicum
1265 1092 1301 1130 A
1328 1094 1367 1130 et
1407 1092 1437 1130 C
1480 1092 1674 1138 librarios,

173 1159 244 1197 sed
272 1158 399 1197 multo
428 1157 703 1207 neglegentior
730 1158 932 1209 putandus
960 1161 1021 1197 est
1049 1159 1097 1207 is,
1146 1159 1215 1208 qui
1252 1158 1398 1197 librum
1426 1159 1457 1197 B
1486 1158 1674 1197 exaravit.

172 1225 348 1262 Numero
377 1225 482 1263 enim
510 1226 691 1262 locorum
719 1228 1000 1273 corruptorum
1029 1225 1093 1263 hic
1120 1225 1219 1263 liber
1256 1225 1367 1262 solus
1410 1225 1553 1263 ambos
1595 1225 1676 1262 fere

175 1290 334 1329 codices
362 1292 398 1329 A
427 1293 466 1329 et
494 1290 524 1329 C
553 1291 799 1341 aequiperat,
839 1303 942 1341 quos
970 1303 1110 1330 omnes
1138 1291 1280 1330 afferre
1306 1290 1470 1340 longum
1499 1293 1569 1329 est.
1623 1290 1675 1329 Hi

175 1358 290 1407 pauci
321 1357 533 1396 sufficiant.
589 1358 632 1396 In
662 1358 798 1396 codice
826 1358 862 1396 A
881 1360 1023 1407 quater
1040 1359 1068 1408 ¹)
1097 1361 1137 1396 et
1162 1357 1202 1396 in
1232 1357 1262 1396 C
1291 1361 1434 1407 quater
1451 1358 1481 1407 ²)
1499 1357 1676 1396 vocabu-

176 1425 259 1463 lum
289 1424 454 1474 aliquod
482 1424 604 1463 deest.
636 1425 746 1474 quod
773 1425 812 1463 in
842 1424 983 1463 ceteris
1015 1424 1221 1463 codicibus
1249 1424 1398 1474 legitur.
1454 1424 1497 1462 In
1541 1424 1678 1463 codice

173 1492 204 1530 B
234 1494 366 1530 autem
397 1491 546 1530 similes
574 1491 741 1540 viginti
770 1492 987 1542 quinque
1016 1492 1182 1540 lacunae
1209 1494 1376 1530 exstant.
1430 1491 1531 1530 Sunt
1569 1490 1675 1530 enim

174 1558 214 1596 in
246 1570 294 1596 eo
324 1561 491 1596 contra
519 1557 658 1596 fidem
688 1558 901 1596 codicum
945 1558 982 1596 A
1017 1561 1059 1596 et
1088 1558 1118 1597 C
1148 1558 1325 1597 omissa:
1370 1561 1431 1605 35,
1457 1562 1502 1595 14
1545 1557 1676 1607 portio

173 1647 222 1652 —
251 1626 311 1671 87,
333 1627 380 1661 14
407 1624 440 1661 si
472 1646 515 1651 —-
545 1627 606 1671 87,
638 1627 684 1661 18
712 1627 771 1662 est
820 1648 861 1652 —-
902 1629 962 1672 91,
991 1629 1014 1662 5
1053 1627 1114 1663 est
1143 1647 1178 1652 --
1234 1628 1295 1670 91,
1332 1628 1378 1662 13
1421 1636 1583 1673 possum
1625 1646 1668 1651 -

174 1694 234 1737 91,
266 1693 312 1727 19
341 1702 388 1728 ac
416 1712 465 1717 -—
494 1694 554 1737 92,
585 1694 606 1727 9
636 1702 741 1739 quae
767 1690 962 1740 professio
996 1714 1044 1718 —
1081 1694 1141 1738 92,
1173 1694 1219 1728 13
1248 1691 1299 1728 sit
1318 1690 1349 1740 ³)
1379 1714 1422 1718 —
1469 1693 1530 1737 94,
1562 1693 1607 1727 12
1636 1692 1674 1727 et

175 1779 220 1785 -—
251 1760 312 1803 95,
343 1762 361 1794 1
393 1768 480 1794 esse
508 1780 556 1784 —
586 1761 646 1804 95,
676 1761 722 1794 16
751 1769 871 1795 nemo
903 1781 947 1785 —
978 1761 1038 1804 95,
1068 1761 1116 1794 22
1146 1757 1240 1807 quid
1275 1759 1337 1795 est
1370 1757 1597 1806 eloquentia
1624 1779 1673 1783 -

174 1826 236 1870 96,
259 1826 280 1861 9
311 1823 464 1861 accisas
495 1845 541 1850 —-
571 1826 630 1870 96,
660 1826 810 1861 20-21
841 1824 939 1862 satis
972 1826 1056 1862 erat
1087 1846 1133 1850 —
1163 1826 1248 1871 100,
1277 1826 1327 1860 24
1354 1823 1462 1872 quod
1481 1845 1529 1849 —
1550 1825 1673 1869 104,8

174 1890 304 1927 solum
337 1912 382 1917 —
416 1893 500 1937 104,
532 1893 578 1927 17
606 1890 779 1939 raptoris
805 1915 858 1920 -
893 1893 978 1937 105,
1020 1894 1064 1927 11
1110 1890 1377 1939 patrocinium
1424 1909 1468 1917 ·—
1512 1892 1597 1936 105,
1628 1892 1673 1926 13

172 1967 254 1993 non
285 1979 331 1982 —
363 1959 448 2003 106,
477 1960 525 1992 23
555 1956 665 2005 quod
693 1979 744 1983 —
773 1960 859 2002 108,
891 1960 1041 1994 13-14
1079 1968 1161 1994 non
1205 1955 1383 1994 habeant
1418 1978 1464 1982 --
1512 1958 1595 2002 109,
1626 1958 1672 1992 13

173 2024 235 2060 est
262 2047 314 2051 -
345 2026 429 2067 110,
459 2026 480 2059 6
510 2025 580 2060 aut
610 2045 654 2050 -
686 2026 771 2070 110,
798 2026 821 2061 8
849 2023 990 2061 Sermo
1005 2023 1037 2073 4)
1068 2026 1152 2070 112,
1181 2025 1229 2060 26
1257 2033 1404 2060 meum.

276 2103 403 2141 Paulo
433 2103 594 2151 gravius
622 2115 670 2142 eo
699 2104 900 2142 interdum
920 2104 1118 2142 alibrario
1131 2106 1342 2153 peccatum
1358 2106 1429 2150 est,
1443 2103 1554 2152 quod
1573 2115 1672 2153 pro-

175 2169 314 2218 pinqui
344 2169 511 2208 alieuius
539 2169 725 2209 vocabuli
753 2170 816 2209 vel
843 2171 973 2210 forma
1000 2171 1061 2209 vel
1079 2182 1181 2210 sono
1197 2173 1340 2220 captus
1355 2168 1594 2219 exemplaris
1612 2168 1674 2207 sui

173 2235 363 2273 lectiones
391 2236 655 2274 commutavit
682 2236 1011 2285 depravavitque,
1039 2249 1130 2274 cum
1158 2236 1278 2285 plane
1312 2247 1450 2273 verum
1494 2236 1673 2273 invenia-

170 2303 237 2339 tur
264 2301 305 2339 in
332 2300 402 2339 AC
430 2301 538 2340 velut
565 2301 725 2352 legitur:

297 2466 320 2503 ¹)
342 2465 411 2497 101.
434 2465 454 2497 8
476 2468 508 2498 et
529 2483 569 2488 ——-
592 2465 661 2504 107,
683 2466 724 2497 24
746 2476 800 2498 me
825 2483 862 2488 —-
886 2466 954 2505 109,
979 2466 1017 2498 15
1039 2465 1117 2498 fecit
1138 2484 1176 2489 —
1201 2464 1270 2504 104,
1292 2466 1312 2498 6
1334 2464 1378 2497 sit
1401 2483 1449 2497 -.

297 2538 321 2577 ²)
343 2538 395 2576 87,
418 2538 436 2569 7
459 2537 544 2569 mihi
572 2555 611 2560 -—
635 2538 704 2575 106,
728 2539 767 2570 15
789 2541 954 2579 raptae—
978 2539 1003 2577 ⁸)
1027 2538 1247 2577 lOl‚4quare
1262 2556 1292 2560 —
1321 2537 1389 2576 108,
1413 2537 1456 2569 20
1475 2547 1529 2570 me
1567 2555 1590 2559 -
1615 2537 1674 2569 110

174 2593 281 2625 9-10
301 2593 605 2634 RES-argumentis
640 2593 795 2625 adiuvari
817 2594 901 2625 solet
924 2594 1007 2625 haec
1030 2592 1193 2634 quaestio.
1227 2593 1434 2625 Declamatio
1456 2610 1496 2615 —-

293 2667 319 2707 ⁴)
343 2665 389 2697 Cf.
413 2666 445 2697 h.
469 2675 589 2698 comm.
613 2676 643 2707 p.
668 2666 706 2698 19
729 2669 761 2698 et
783 2666 832 2698 20.
