1873 2804
929 90 972 125 16

201 195 331 233 eaque
359 182 576 231 addiderit,
619 195 724 234 quae
751 182 968 223 Morawski
996 183 1154 233 collegit
1175 184 1228 235 ¹),
1266 195 1347 224 suo
1364 183 1466 223 >iure
1496 182 1709 236 dubitabit,

200 262 298 289 num
324 250 422 290 talia
446 253 631 300 tempore
659 250 896 298 Quintiliani
930 262 1058 301 eaque
1092 249 1299 301 in‚schola
1326 250 1412 290 eius
1434 250 1587 302 scripta
1614 250 1706 301 sint.

200 316 339 367 Neque
369 317 537 356 dubium
566 316 664 355 mihi
692 319 773 364 est,
815 317 936 367 quin,
981 317 1049 368 qui
1077 317 1304 356 accuratius
1331 316 1373 356 in
1399 317 1505 356 hanc
1529 329 1615 365 rem
1644 317 1706 357 in-

200 383 426 433 quisiverit,
464 383 579 423 facile
613 383 813 423 eiusmodi
857 384 1133 434 exemplorum
1158 395 1387 423 numerum
1420 386 1610 423 aucturus
1639 384 1703 423 sit.

202 450 344 500 Itaque
358 462 457 516 sane
471 450 577 489 idem
588 450 686 489 mihi
703 450 935 499 negandum
954 450 1112 489 videtur
1124 450 1235 500 quod
1248 450 1410 499 negavit
1421 450 1704 498 Trabandtius,

201 516 276 555 sed
298 517 417 565 longe
434 516 521 555 aliis
539 517 590 555 de
606 516 749 556 causis.
779 517 929 556 Verum
947 529 1041 556 cum
1059 517 1109 556 de
1137 516 1199 556 his
1228 528 1347 567 agere
1374 517 1474 556 mihi
1500 529 1582 557 non
1609 530 1704 567 pro-

201 583 432 632 posuerim,
476 595 584 621 nunc
624 583 789 632 quidem
816 583 922 622 hanc
950 584 1229 633 quaestionem
1259 583 1426 622 missam
1453 584 1558 623 facio
1583 586 1705 632 atque

201 649 281 686 iam
310 651 475 687 transeo
504 649 557 687 ad
585 648 752 687 alteram
782 648 1134 688 commentationis
1161 661 1275 688 meae
1302 651 1468 700 partem.

925 811 987 859 II.

302 904 409 942 Usus
450 907 510 942 est
546 904 675 943 Ritter
714 904 754 942 in
797 904 1157 943 declamationibus
1201 894 1454 954 recensendis
1497 904 1703 943 codicibus

199 970 339 1017 tribus,
368 970 722 1026 Montepessulano
752 970 822 1020 (A)
852 970 1011 1009 saeculo
1040 969 1106 1009 IX.
1134 969 1197 1009 vel
1224 970 1272 1009 X.
1302 969 1451 1020 scripto
1472 970 1519 1018 ²),
1548 970 1617 1020 qui
1639 982 1704 1008 ce-

199 1036 294 1075 teris
338 1037 499 1075 duobus
535 1036 646 1075 libris
680 1048 803 1075 manu
842 1036 1001 1087 scriptis
1037 1048 1183 1075 novem
1222 1036 1583 1079 declamationibus
1616 1048 1703 1089 am-

199 1103 304 1153 plior
330 1105 370 1141 et
397 1114 603 1151 summae,
643 1105 687 1141 ut
726 1103 881 1141 Rittero
923 1103 1096 1150 videtur,
1136 1103 1385 1142 auctoritatis
1413 1106 1495 1147 est;
1548 1126 1574 1131 -
1616 1106 1702 1142 turn

200 1169 433 1208 Monacensi
462 1169 530 1219 (B)
557 1169 717 1208 saeculo
744 1169 816 1207 XV
845 1181 967 1207 manu
995 1169 1165 1217 eleganti
1205 1171 1387 1215 exarat03
1427 1192 1474 1198 --
1518 1169 1703 1218 denique,

207 1238 246 1273 et
275 1247 322 1273 eo
351 1235 518 1273 minima
547 1247 594 1273 ex
622 1237 748 1284 parte,
780 1235 976 1283 Chigiano
1005 1234 1088 1284 (C),
1116 1236 1186 1283 qui
1213 1235 1374 1274 saeculo
1402 1236 1501 1274 XIV.
1533 1235 1591 1272 vel
1621 1235 1702 1273 XV.

199 1301 371 1350 scriptus
391 1302 422 1350 ³)
450 1300 592 1339 eadem
620 1300 808 1349 continet,
838 1312 941 1350 quae
971 1300 1014 1339 Β.

303 1368 389 1406 Hos
425 1370 505 1406 tres
552 1367 711 1406 codices
745 1379 793 1405 ex
822 1367 982 1405 duobus
1011 1366 1180 1406 diversis
1209 1368 1388 1406 eiusdem
1416 1367 1623 1417 archetypi
1650 1368 1702 1418 (J)

198 1434 390 1483 exemplis
418 1434 614 1484 originem
642 1433 804 1472 duxisse
832 1436 961 1483 putat,
989 1433 1045 1473 ita
1071 1436 1115 1472 ut
1143 1434 1180 1472 A
1209 1445 1258 1472 ex
1284 1433 1410 1473 altero
1439 1433 1500 1484 (α)
1522 1433 1702 1483 descrip—

197 1504 262 1539 tus
291 1501 353 1547 sit,
382 1513 473 1539 cum
502 1513 551 1539 cx
579 1501 705 1539 altero
734 1501 792 1551 (β)
820 1500 979 1539 fluxerit
1006 1503 1208 1540 vetustum
1239 1501 1406 1550 aliquod
1434 1500 1638 1550 exemplar
1655 1502 1700 1550 ⁴),

199 1568 308 1617 quod
337 1567 469 1606 littera
496 1568 555 1617 (x)
584 1567 713 1615 signo,
743 1578 791 1606 ex
819 1578 900 1616 quo
929 1566 960 1604 B
988 1570 1026 1605 et
1054 1566 1098 1614 C,
1126 1569 1266 1616 utpote
1289 1566 1416 1606 multo
1445 1566 1591 1606 artiore
1607 1577 1703 1615 cog-

200 1634 375 1672 nationis
403 1633 563 1672 vinculo
591 1633 693 1672 inter
719 1645 763 1671 se
792 1645 914 1682 quam
948 1644 1041 1671 cum
1074 1633 1111 1671 A
1137 1633 1356 1681 coniuncti,
1390 1632 1576 1683 descripti
1610 1632 1702 1671 sint.

306 1700 376 1739 Est
405 1701 525 1749 igitur
550 1712 597 1738 ex
625 1700 766 1738 Ritteri
800 1699 998 1738 sententia
1036 1699 1112 1738 hoc
1140 1700 1346 1748 codicum,
1392 1700 1502 1749 quod
1545 1699 1700 1746 dicitur,

201 1770 390 1805 stemma:

944 1817 962 1849 J

949 1875 951 1896 l

322 2442 346 2481 ¹)
369 2441 405 2474 L.
427 2442 447 2474 l.
470 2452 501 2483 p.
524 2440 606 2473 1102
628 2444 661 2474 et
683 2439 774 2473 1103.

321 2514 346 2554 ²)
368 2513 418 2547 Cf.
441 2514 482 2546 H.
504 2513 532 2546 1.
554 2512 704 2546 Muelleri
727 2512 873 2545 Senecae
895 2511 1039 2545 rhetoris
1062 2511 1112 2544 ed.
1132 2509 1236 2553 praef.
1257 2521 1289 2552 p.
1310 2507 1416 2543 XXIII
1438 2511 1471 2543 et
1493 2519 1524 2552 p.
1541 2506 1658 2543 XXIV.

321 2587 345 2626 ³)
368 2586 415 2618 Cf.
438 2596 526 2626 quae
547 2584 656 2617 Ritter
669 2585 733 2617 hac
743 2585 784 2616 de
795 2594 832 2616 re
846 2584 888 2616 ad
903 2584 953 2616 ed.
962 2584 1066 2625 praef.
1075 2583 1142 2624 p.X
1158 2587 1190 2615 et
1204 2594 1235 2624 p.
1243 2583 1287 2614 XI
1304 2583 1368 2614 sub
1380 2582 1478 2623 signo
1488 2582 1535 2618 **)
1547 2584 1700 2614 annotat.

321 2659 348 2702 ⁴)
370 2658 418 2692 Cf.
440 2659 481 2692 R.
503 2658 554 2691 ed.
576 2657 677 2699 praef.
700 2667 731 2699 p.
753 2656 814 2689 XII
835 2658 868 2689 et
888 2665 919 2697 p.
940 2654 1030 2688 XIII.
