1873 2804
879 94 923 128 38

159 186 204 223 ut
232 183 297 222 vix
324 182 388 230 sit,
413 183 481 233 qui
499 182 677 230 dubitet,
702 183 800 233 quin
828 196 967 223 omnes
995 184 1049 223 ex'
1085 185 1227 223 eodem
1269 186 1488 236 archetypo
1526 187 1652 225 fluxe-

160 250 249 290 rint.
318 249 457 299 Neque
511 249 802 300 discrepantiae
869 251 968 290 tales
1028 254 1142 298 sunt,
1193 262 1298 300 quae
1339 251 1432 290 huic
1475 252 1652 303 opinioni

160 317 332 356 obstent.
848 349 851 352 .

264 382 548 429 Quaerendum
575 385 707 422 autem
737 386 810 430 est,
837 385 972 422 utrum
1000 383 1082 421 duo
1111 383 1268 421 codices
1309 384 1435 422 artius
1474 384 1577 422 inter
1602 396 1658 430 se,

160 461 285 499 quam
330 461 421 488 cum
461 449 577 488 tertio
622 449 877 495 cohaereant,
924 459 1063 488 necne.
1115 448 1247 488 Ritter
1288 450 1512 499 exemplum
1560 449 1660 488 inter

161 515 226 554 BC
254 518 293 553 et
311 514 585 564 'archetypum
631 514 872 553 intercedere
915 516 1031 564 putat
1050 515 1092 564 ¹),
1136 514 1176 553 id
1216 516 1327 564 quod
1368 515 1566 554 Gasimiro
1610 515 1659 553 de

156 581 375 621 -Morawski
414 593 495 620 non
533 580 741 630 probatur,
786 579 969 629 opinanti
1023 580 1170 620 artiore
1211 581 1462 630 cognationis
1500 580 1660 620 vinculo

163 646 320 685 codices
348 647 383 685 A
411 649 451 684 et
479 646 508 683 C
537 646 773 683 coniunctos
812 657 902 683 esse
921 645 967 695 θ).
1019 646 1270 694 Argumenta
1307 650 1454 693 autem,
1501 647 1660 695 quibus,

161 712 398 752 sententiam
425 723 542 751 suam
570 711 835 758 confirmaret,
863 713 1003 750 neuter
1028 722 1167 751 eorum
1196 712 1338 751 attulit.
1394 763 1396 765 ‚

265 778 319 817 At
346 778 379 816 si
407 778 502 828 quid
531 790 580 816 ex
606 789 774 816 numero
803 790 941 816 eorum
968 779 1161 825 locorum,
1205 779 1353 827 quibus
1391 779 1471 817 duo
1501 778 1659 817 codices

163 846 304 884 contra
330 844 493 883 tertium
521 843 765 893 conspirant,
801 843 1039 882 concludere
1065 843 1182 883 nobis
1225 843 1327 891 licet,
1364 844 1463 883 liber
1493 844 1524 882 C
1552 843 1659 883 obti-

167 913 235 949 net
263 910 395 949 locum
425 910 603 948 medium
630 910 732 948 inter
758 910 791 948 A
833 913 871 948 et
909 910 953 948 B.
1018 910 1133 959 Ipsae
1175 914 1307 949 autem
1352 911 1429 949 hae
1473 910 1661 949 lectiones

163 977 202 1016 in
232 976 462 1015 universum
489 975 544 1015 ita
572 978 828 1026 comparatae
856 980 960 1024 sunt,
990 979 1045 1025 ut,
1071 979 1205 1015 utrum
1232 976 1262 1015 C
1296 976 1421 1016 artius
1449 975 1661 1015 cohaereat

165 1054 256 1081 cum
284 1042 332 1086 A,
375 1054 428 1081 an
464 1041 632 1080 similior
673 1042 725 1079 sit
766 1042 796 1079 Β
857 1054 929 1091 pro
974 1044 1082 1080 certo
1131 1042 1340 1081 diiudicari
1384 1033 1467 1081 non
1522 1042 1659 1090 possit.

164 1108 266 1147 Nam
295 1108 523 1158 ubicunque
547 1108 628 1146 duo
656 1107 813 1146 codices
853 1119 986 1147 veram
1028 1108 1265 1159 scripturam
1312 1108 1510 1155 exhibent,
1556 1107 1657 1146 tertii

165 1174 359 1223 cuiusque
387 1174 476 1211 libri
504 1173 752 1223 corruptelae
781 1185 862 1212 non
891 1176 985 1212 sunt
1012 1174 1222 1221 eiusmodi,
1255 1178 1298 1212 ut
1339 1174 1487 1212 librarii
1527 1186 1660 1212 errore

167 1243 280 1280 ortae
307 1252 396 1279 esse
421 1252 503 1279 non
537 1239 703 1290 possint.
746 1241 749 1245 ’

266 1306 346 1346 Sed
372 1306 506 1345 nescio
535 1318 585 1345 an
614 1318 673 1353 eo,
703 1306 812 1356 quod
839 1319 877 1356 p.
908 1310 993 1354 107,
1030 1311 1078 1344 14
1114 1307 1273 1346 codices
1316 1308 1347 1346 B
1386 1310 1424 1346 et
1458 1308 1488 1346 C
1516 1307 1658 1346 eadem

164 1374 244 1412 fere
271 1373 596 1423 interpretatione
624 1373 752 1411 aliena
781 1373 986 1422 depravati
1015 1376 1120 1420 sunt,
1158 1373 1297 1412 Ritteri
1337 1374 1536 1412 sententia
1563 1386 1660 1412 con·

165 1440 358 1479 firmetur.

267 1505 434 1545 Accedit
461 1505 571 1555 quod
599 1505 756 1544 codices
786 1505 816 1543 B
846 1508 882 1544 et
910 1505 941 1543 C
972 1506 1143 1544 eandem
1195 1505 1528 1545 declamationum
1568 1517 1660 1554 par-

164 1574 243 1610 tem
271 1571 487 1619 continent,
515 1574 636 1621 atque
664 1570 764 1610 adeo
793 1571 935 1610 eodem
964 1571 1160 1610 vocabulo
1188 1572 1384 1622 incipiunt
1403 1573 1446 1621 ⁸).

267 1637 380 1685 Quae
426 1649 516 1676 cum
561 1637 617 1676 ita
658 1649 701 1676 se
744 1637 932 1684 habeant,
976 1641 1111 1676 tamen
1155 1650 1202 1676 ex
1258 1639 1398 1676 eodem
1458 1639 1664 1688 archetypi

165 1704 348 1754 exemplo
377 1704 597 1753 descriptos
626 1716 696 1742 eos
724 1716 811 1743 esse
838 1704 1078 1752 contendere
1114 1704 1353 1752 dubitarem,
1405 1705 1481 1744 nisi
1509 1705 1663 1754 gravis-

164 1770 311 1808 simum
339 1772 619 1818 argumentum
646 1770 699 1808 ad
730 1771 831 1808 hanc
858 1771 1128 1809 coniecturam
1155 1771 1404 1820 probandam
1447 1772 1663 1810 accederet.

165 1837 417 1887 Deprehendi
444 1836 550 1875 enim
577 1836 618 1875 in
645 1836 721 1875 hac
749 1848 876 1887 parva
903 1836 1238 1876 declamationum
1278 1840 1390 1886 parte
1420 1840 1511 1875 octo
1540 1837 1662 1884 locos,

165 1904 235 1942 ubi
261 1903 303 1941 hi
330 1903 489 1942 codices
517 1902 659 1941 iisdem
687 1902 842 1941 lacunis
879 1903 1075 1942 laborant.
1130 1903 1380 1942 Omittuntur
1406 1904 1446 1942 in
1474 1904 1520 1942 iis
1548 1916 1661 1953 p.p.:

165 1973 227 2018 86,
256 1974 300 2007 11
331 1981 418 2008 esse
444 1993 497 2000 -—
526 1972 587 2016 87,
616 1972 663 2007 25
692 1969 768 2007 nisi
795 1991 842 1996 —-
872 1972 932 2017 88,
964 1974 980 2006 1
1030 1968 1230 2019 Iniquiore
1264 1969 1499 2009 condicione
1539 1970 1664 2008 dictu-

166 2049 233 2075 rus
264 2048 352 2075 sum
381 2036 502 2075 hodie
515 2037 548 2085 4)
578 2058 623 2063 —-
654 2040 714 2083 94,
744 2041 764 2074 7
795 2037 844 2074 sit
861 2036 893 2085 4)
932 2059 977 2064 —
1027 2039 1111 2082 102,
1142 2040 1162 2073 7
1191 2036 1263 2074 erit
1314 2059 1356 2064 -—
1400 2040 1486 2083 103,
1514 2040 1559 2074 16
1587 2037 1663 2076 hac

165 2170 196 2209 2,
218 2170 278 2203 26;
321 2170 372 2208 90,
394 2169 425 2208 4,
445 2168 509 2208 617,
533 2168 592 2206 13;
633 2167 761 2207 90,17;
803 2167 853 2206 91,
875 2167 934 2206 24;
977 2167 1028 2206 93,
1050 2167 1103 2206 24;
1147 2167 1196 2205 94,
1219 2168 1272 2205 15;
1314 2167 1364 2206 95,
1385 2168 1496 2206 6,11;
1539 2168 1589 2207 96,
1611 2169 1665 2206 16;

165 2226 215 2265 97,
248 2226 307 2264 11;
349 2225 399 2265 98,
433 2226 466 2263 1;
511 2226 561 2262 99,
581 2225 611 2264 3,
638 2225 667 2264 9,
698 2225 806 2265 18J19;
851 2224 919 2263 100,
948 2226 976 2262 2,
1010 2224 1055 2260 15,
1083 2224 1142 2262 29;
1188 2223 1257 2263 101,
1285 2224 1320 2261 9;
1364 2224 1434 2263 102,
1464 2225 1493 2264 1,
1515 2224 1551 2262 9;
1595 2224 1664 2262 102,

167 2283 214 2322 10,
240 2283 293 2322 12;
334 2282 400 2322 103,
423 2283 451 2321 1,
472 2282 523 2320 20,
543 2281 598 2320 24;
643 2281 708 2314 105.
733 2282 762 2321 6,
784 2281 847 2321 718,
871 2281 974 2319 10s11‚
1000 2281 1052 2319 18;
1114 2281 1182 2319 106,
1206 2282 1238 2319 1;
1285 2280 1351 2320 107,
1374 2281 1409 2319 5;
1455 2281 1523 2320 109,
1543 2281 1591 2319 14,
1607 2281 1664 2319 25;

167 2340 236 2379 110,
259 2339 312 2378 19;
336 2339 406 2378 111,
427 2339 482 2377 24;
505 2339 575 2378 112,
597 2338 645 2371 10.
668 2356 697 2362 -
727 2338 785 2380 Pp.
808 2338 858 2376 94,
880 2339 909 2376 6,
934 2338 981 2376 18,
1006 2340 1061 2374 19;
1108 2338 1175 2376 108,
1199 2338 1247 2371 12.
1271 2336 1310 2369 14
1332 2337 1482 2370 codicum
1504 2338 1664 2371 lectiones

165 2396 350 2428 servandas
371 2405 443 2428 esse
464 2395 641 2428 contendo.

291 2451 315 2491 ¹)
337 2450 386 2484 Cf.
409 2451 442 2483 h.
465 2450 586 2483 comm:
606 2460 637 2492 p.
665 2451 711 2482 16.

290 2508 315 2549 ¹)
338 2507 385 2540 Cf.
409 2508 429 2540 1.
452 2508 472 2540 l.
494 2518 525 2549 p.
548 2507 637 2539 1100.

291 2565 314 2602 ⁸)
338 2564 385 2596 Cf.
408 2563 528 2597 Ritteri
550 2562 600 2595 ed.
622 2563 725 2604 praef.
748 2574 777 2603 p.
801 2563 838 2594 X.

289 2620 314 2662 ⁴)
337 2619 385 2651 cf.
407 2620 441 2651 h.
463 2627 583 2651 comm.
606 2628 637 2659 p.
662 2618 708 2649 19.
